2978 4988
621 320 658 374 M.
678 319 784 375 Valerii
802 317 938 374 Martialis

721 492 837 556 XLIX.

299 608 440 675 Uxorem
463 605 535 669 nolo
558 604 744 668 Telesinam
768 602 899 670 ducere:
924 605 1043 686 qnare‘l

341 716 476 782 Moecha
499 722 555 781 est.
595 713 661 779 Sed
683 714 793 798 pueris
815 711 872 779 dat
894 713 1056 778 Telesina.
1102 713 1191 779 Volo.

756 877 793 942 L.

299 991 393 1071 Quod
415 989 509 1055 fellas
532 996 564 1054 et
586 1008 704 1071 aquam
727 995 829 1072 potas,
853 986 912 1061 nil,
937 986 1067 1068 Lesbia,
1092 1007 1216 1072 peeoas.
1260 1000 1265 1009 ’
1357 972 1359 977 ⁴

342 1101 415 1180 Qua
436 1101 495 1167 tibi
519 1107 611 1185 parte
633 1118 714 1184 opus
736 1106 797 1180 est,
822 1096 950 1178 Lesbia,
974 1098 1074 1164 sumis
1096 1119 1223 1181 aquam.

748 1261 803 1326 LI.

300 1376 392 1443 Unus
415 1393 514 1459 saepe
534 1373 595 1440 tibi
616 1379 685 1439 tota
706 1370 859 1437 denarius
882 1391 957 1437 area

343 1488 424 1553 Cum
446 1487 488 1552 sit
510 1495 542 1552 et
562 1484 617 1549 hie
639 1484 710 1548 oulo
731 1483 847 1564 tritior,
870 1483 976 1566 Hylle,
1000 1491 1063 1562 tuo,

300 1599 372 1664 Non
394 1606 504 1663 tamen
524 1596 609 1661 hune
632 1595 746 1679 pistor,
770 1613 835 1660 non
857 1593 983 1660 auferet
1003 1594 1088 1660 huno
1109 1595 1169 1662 tibi
1192 1615 1282 1681 eope,

344 1708 410 1774 Sed
432 1709 460 1774 si
483 1707 555 1790 quis
577 1707 677 1771 nimio
698 1725 784 1790 pene
805 1705 963 1790 superbus
987 1707 1055 1772 erit.

260 1829 278 1884 5
301 1820 420 1887 Infelix
442 1826 555 1885 venter
577 1825 703 1902 spectat
725 1817 875 1883 convivia
896 1816 960 1882 euli

344 1932 384 1998 Iit
406 1950 533 2014 semper
555 1930 653 1995 miser
674 1929 728 1994 hie
749 1929 861 2005 esurit,
885 1928 940 1994 ille
963 1937 1062 1995 vorat.

744 2117 814 2182 LII.

302 2247 400 2312 Novit
421 2247 543 2311 loturas
566 2246 687 2311 Dasius
708 2264 891 2310 numerare:
917 2249 1061 2330 poposcit

343 2357 553 2421 Mammosam
577 2356 732 2441 Spatalen
755 2376 812 2441 pro
833 2356 949 2422 tribus:
973 2358 1031 2423 illa
1052 2357 1151 2425 dedit.

738 2544 823 2608 nm.
850 2511 852 2516 ’

303 2674 360 2739 vis
385 2671 455 2736 fieri
478 2671 580 2736 neers
602 2672 759 2753 mentiris,
783 2673 934 2751 Maxime,
957 2693 1021 2738 nen
1044 2676 1106 2740 va:

345 2781 412 2848 Sed
434 2782 503 2847 fieri
526 2782 554 2847 si
578 2782 637 2859 vis,
660 2781 722 2847 hae
742 2784 868 2849 ratione
890 2790 989 2869 potes.

320 2987 393 3042 LIH.
412 2986 544 3042 Vincent.
557 2986 667 3041 Bellon.
679 2985 727 3056 Sp.
735 2986 768 3042 D.
781 2985 808 3042 V
822 2989 869 3040 156
888 2986 1029 3044 Maroialis
1048 2989 1174 3062 coquus:
1193 2993 1277 3050 Liber
1294 3011 1351 3049 non

217 3082 300 3144 potes
324 3081 354 3130 et
377 3072 495 3141 gulosus
518 3086 580 3129 esse
606 3071 655 3135 (lx
676 3074 716 3137 lo)
743 3072 826 3130 Liber
850 3075 919 3138 eris,
945 3091 1045 3132 oenare
1067 3075 1137 3132 foris
1161 3079 1199 3142 si,
1223 3078 1350 3145 Maxime,

216 3161 299 3226 nolis,
318 3158 467 3230 Vegetana
485 3165 562 3215 tuam
581 3158 606 3213 si
624 3158 720 3213 domet
737 3174 795 3215 nvo
812 3159 894 3216 sitim.

216 3351 275 3406 und
294 3348 402 3405 Statius
426 3347 469 3404 als
493 3346 630 3417 Inbegriff
649 3347 700 3403 des
725 3348 865 3404 hdohsten
889 3349 1010 3405 Glannes
1034 3350 1085 3406 der
1102 3351 1278 3422 Hauptatadt
1302 3371 1353 3424 ge-

216 3442 314 3492 nannt.
347 3434 382 3489 li.
400 3432 455 3488 v11
474 3435 506 3485 34
525 3430 597 3488 Stat.
617 3430 644 3487 S.
663 3432 676 3486 I
696 3436 719 3496 5,
738 3436 780 3489 62.
813 3433 949 3499 SGlli,
968 3437 994 3488 6.

285 3528 387 3584 XLIX.
408 3529 431 3581 2.
462 3527 515 3580 dat.
546 3526 586 3581 Zu
604 3527 632 3581 ll
650 3528 675 3579 9.

287 3617 352 3668 uolo.
387 3613 440 3669 Um
463 3613 509 3668 die
534 3612 614 3681 pueri
636 3612 687 3666 mit
705 3612 767 3667 dem
786 3613 814 3666 Il
833 3617 864 3666 47
883 3615 941 3670 und
959 3615 986 3668 Π
1005 3619 1038 3668 60
1059 3616 1222 3673 erwiihnten
1240 3619 1352 3688 suppli-

218 3701 292 3756 eium
311 3698 419 3769 puerile
438 3696 582 3754 bestrafen
600 3713 635 3752 au
653 3698 775 3754 konnen.

288 3785 333 3839 LI.
363 3784 403 3839 Zn
421 3783 435 3837 I
453 3785 495 3837 92.

286 3870 345 3925 LII.
371 3870 475 3925 Dasius
487 3869 527 3926 ist
539 3869 588 3924 der
599 3868 768 3924 Einnehmer
781 3869 831 3924 dea
843 3868 1073 3939 Eintrittageldes
1086 3873 1115 3926 in
1128 3873 1218 3928 einem
1228 3874 1353 3930 Frauen-

217 3957 301 4014 bade.
335 3956 373 4010 Er
396 3953 504 4011 fordert
526 3970 583 4010 von
602 3953 717 4023 Spatale
736 3956 788 4010 das
805 3954 971 4019 Dreiiaohe,
990 3956 1054 4011 weil
1077 3959 1118 4012 sie
1137 3975 1169 4013 ιο
1187 3959 1244 4013 viel
1262 3960 1353 4015 Reum

219 4042 363 4098 einnimmt
386 4041 438 4096 wie
462 4041 522 4096 dtei
545 4041 742 4111 gewiihnliohe
760 4040 908 4106 Badende,
927 4041 986 4095 und
1005 4041 1045 4096 sie
1064 4043 1183 4099 erkennt
1200 4046 1289 4102 selbst
1307 4047 1353 4102 die

219 4126 431 4197 (lereehtlgkeit
448 4128 540 4183 seinet
557 4127 723 4196 Forderung
740 4142 786 4180 an.

290 4216 312 4264 l.
351 4210 646 4267 Novit-uumerare.
682 4209 1354 4280 Vgl.V1125,sx15,2x33‚9.1oxlv

219 4301 277 4364 201,
299 4300 320 4353 l.
