2978 4988
385 331 616 402 Epigrammaton
634 330 718 386 Liber
736 332 761 385 V
782 332 865 398 (edirt
884 331 986 388 llcrbst
1004 333 1053 397 89).
1223 334 1284 396 393

282 505 323 569 Et
345 503 512 568 libertina-s
536 523 611 568 arca
634 504 780 587 flagellat
802 523 889 587 opes,

240 617 423 698 Magnaque
446 614 592 680 Niliacae
615 617 717 681 servit
739 615 797 681 tibi
820 616 918 699 gleba
941 614 1078 698 Syenes,

283 725 410 792 Tondet
433 733 465 791 et
487 727 671 793 innumeros
695 727 823 792 Gallica
844 728 961 791 Parma
982 746 1109 810 greges.

240 839 309 903 Hoc
333 857 392 921 ego
416 846 515 919 tuque
538 857 661 903 sumus:
687 836 746 903 sed
769 837 854 920 quod
877 857 960 913 sum,
984 857 1048 903 non
1071 844 1163 921 potes
1185 855 1270 903 esse:

180 960 215 1013 lo
283 950 333 1013 Tu
356 948 441 1030 quod
465 969 508 1020 es,
533 970 551 1015 e
573 951 692 1034 populo
716 949 852 1031 quilibet
874 967 946 1014 esse
970 956 1083 1033 potest.

674 1130 762 1195 XlV.

242 1241 362 1307 Sedere
386 1241 488 1323 primo
512 1242 624 1307 solitus
646 1243 680 1306 in
702 1242 804 1324 gradu
827 1260 955 1325 semper

242 1354 344 1432 Tunc,
370 1373 441 1417 cum
463 1353 575 1417 liceret
598 1372 767 1436 occupare,
792 1354 961 1418 Nanneius

240 1465 297 1529 Bis
320 1465 478 1530 excitatus
495 1471 607 1545 terque
629 1465 791 1530 transtulit
814 1472 928 1531 castra.

240 1577 282 1640 Et
304 1577 388 1640 inter
409 1577 499 1659 ipsas
521 1594 625 1658 paene
648 1577 762 1641 tertius
784 1576 881 1640 sellas

200 1696 215 1748 s
241 1688 317 1752 Post
340 1686 522 1766 Gaiumque
545 1686 744 1768 Luciumque
766 1687 920 1751 consedit.

241 1798 333 1862 Illinc
356 1798 480 1862 cucullo
504 1798 657 1880 prospicit
680 1805 777 1881 caput
798 1805 901 1863 teetus

242 1908 407 1989 Oculoque
428 1907 522 1973 ludos
545 1917 670 1991 spectat
691 1908 845 1973 indecens
868 1928 941 1972 uno.

242 2021 281 2085 Et
304 2019 378 2083 hinc
401 2019 499 2085 miser
521 2020 665 2086 deiectus
690 2020 723 2084 in
746 2021 832 2084 viam
856 2020 978 2097 transit,

225 2258 248 2304 6.
268 2249 405 2303 libertinas
423 2279 457 2287 -
475 2269 544 2319 epea.
579 2250 632 2305 Die
650 2250 853 2306 Reichthllmer
876 2249 926 2304 der
944 2248 1175 2320 Freigelassenen
1198 2266 1291 2305 waren

158 2333 392 2406 sprichwtlrtlich.
427 2333 525 2390 Seuec.
540 2336 613 2404 Epp.
626 2338 667 2399 27,
680 2340 695 2388 5
715 2333 856 2389 Calvisius
868 2331 990 2391 Sabinus
1002 2365 1036 2374 -
1049 2342 1077 2390 et
1095 2335 1291 2404 patrimonium

157 2424 281 2480 habebat
298 2421 422 2476 libertini
440 2427 470 2475 ct
486 2421 638 2490 ingenium.
674 2419 718 2475 SG
737 2422 749 2475 Ι
769 2422 817 2472 :tls
828 2420 856 2473 ff.

219 2507 353 2579 flagellat.
389 2506 577 2572 Zu1130,‹t.

227 2595 250 2644 ἵ.
273 2590 397 2644 Niliacae
414 2620 448 2630 -
468 2593 573 2662 Syenes
611 2591 674 2661 Vgl.
695 2592 767 2656 186,
787 2593 800 2640 i
821 2590 879 2646 und
898 2590 924 2644 X
944 2596 982 2656 14,
1002 2596 1017 2644 6
1043 2590 1112 2646 Cum
1135 2598 1185 2646 tua
1201 2590 1292 2646 Nilia·

162 2694 212 2734 cus
230 2693 294 2732 rura
312 2676 432 2732 colonus
450 2684 518 2733 aret.

228 2766 251 2816 h.
271 2765 381 2817 Parma.
420 2764 460 2819 Zu
477 2764 505 2819 11
523 2767 564 2830 43,
583 2767 607 2819 l.

226 2849 303 2904 th'.
325 2848 392 2918 Vgl.
413 2865 448 2903 au
466 2848 492 2902 V
510 2851 534 2903 s
1110 2917 1117 2930 ·

227 2939 250 2986 l.
269 2936 353 2988 cellas.
389 2933 452 2990 Wie
477 2951 507 2991 ee
534 2935 646 2991 scheiut
672 2935 718 2990 die
742 2934 836 2992 Sessel
864 2937 913 2991 der
936 2936 1092 2992 Senatoren
1115 2936 1143 2990 in
1167 2936 1217 2990 der
1243 2934 1294 2990 Or·

161 3021 280 3081 chestra,
299 3019 392 3075 hinter
409 3020 537 3076 welchen
554 3021 737 3078 uumittelbar
754 3023 805 3077 der
823 3022 929 3090 prims
940 3020 1046 3091 gratim
1060 3025 1094 3085 lv.
1112 3025 1142 3085 1),
1161 3021 1207 3076 die
1220 3028 1293 3077 erste

160 3107 249 3161 Reihe
268 3107 318 3161 der
337 3106 563 3174 quattuordecim
587 3108 723 3164 subsellia
746 3108 792 3163 ist.
827 3108 900 3162 Dort
921 3106 1012 3162 hleibt
1029 3106 1173 3162 Nanneius
1196 3107 1293 3167 aitrau.

159 3193 252 3247 iudem
280 3207 309 3246 cr
336 3191 397 3246 sich
422 3192 565 3247 awischen
588 3193 657 3248 uwel
681 3192 795 3250 Sesseln
818 3209 869 3247 vor
892 3193 950 3247 ihm
975 3192 1116 3248 sitaeuder
1137 3192 1294 3247 Senatoren

159 3277 310 3333 versteckt.

228 3369 252 3418 5.
276 3365 341 3417 Post
369 3363 518 3432 (sciamque
543 3363 715 3433 Luciumque.
752 3364 840 3419 Beide
859 3363 966 3419 Numen
989 3363 1114 3432 gehllren
1136 3378 1171 3417 an
1195 3362 1294 3426 denen,

160 3450 267 3504 welche
287 3449 332 3504 dle
351 3449 477 3504 Juristen
496 3465 545 3503 aur
563 3449 764 3519 Beaelchnung
781 3449 936 3519 belicbigsr
953 3450 1098 3505 Personen
1115 3447 1296 3511 nebenllue-

162 3534 234 3599 wius,
254 3534 336 3604 Sejus
355 3534 413 3588 und
426 3532 519 3589 Titius
537 3535 605 3590 oder
623 3536 653 3589 iu
664 3535 849 3606 l'erhindung
867 3535 917 3591 mit
935 3534 1090 3591 denselben
1108 3533 1295 3604 gebrauchen.

161 3618 296 3674 Plutarch
315 3636 361 3690 qu.
380 3620 460 3675 Rom.
480 3625 512 3673 ³0
536 3621 620 3693 ὥσπερ
648 3622 672 3675 ol
693 3623 794 3690 νομικοὶ
812 3618 889 3674 Γάϊον
914 3619 995 3691 Σήιον
1019 3619 1191 3675 cathetum
1213 3618 1297 3674 Τίτιον

161 3707 204 3756 καὶ
229 3706 252 3758 ol
277 3704 412 3777 φιλόσοφοι
430 3704 518 3759 Δίωνα
540 3708 583 3760 καὶ
602 3705 693 3761 Θέωνα
708 3706 959 3778 παραλαμβάνουσιν.
995 3704 1161 3762 Tertullian.
1183 3705 1219 3760 ad
1238 3712 1294 3759 nat.

162 3790 173 3843 l
193 3794 208 3841 4
229 3805 285 3859 quo
304 3806 379 3845 more
398 3791 482 3846 etiam
506 3792 588 3847 nobis
614 3793 725 3848 soletis:
749 3793 853 3849 »bonus
871 3792 915 3847 vir
932 3791 963 3845 L.
983 3791 1075 3848 Titius
1094 3797 1202 3847 tantum
1221 3791 1297 3860 quod

162 3875 359 3931 Christianum.
385 3876 451 3931 item
470 3876 554 3931 clius:
572 3893 646 3948 ¹»ego
669 3879 753 3934 miror
771 3877 802 3932 C.
823 3877 917 3949 sejam
940 3894 1054 3948 gravem
1078 3877 1167 3930 virum
1191 3874 1297 3931 iactum

161 3961 370 4018 Christianum«.
407 3961 472 4031 Vgl.
496 3962 620 4019 Dlrlrsen
643 3963 773 4020 Manuale
797 3970 878 4020 unter
902 3964 959 4018 den
981 3961 1170 4032 angeillhrten
1192 3960 1298 4017 Nomen

161 4048 218 4103 und
236 4048 301 4103 Juv.
321 4049 344 4112 t,
366 4050 405 4101 13.

231 4137 254 4186 s.
275 4133 353 4186 uiant.
379 4132 451 4187 Viae
469 4132 514 4187 die
533 4132 585 4187 aui
600 4134 656 4190 den
674 4135 903 4203 praecinctiones
922 4134 971 4189 der
990 4149 1077 4188 cavea
1096 4131 1299 4188 hinlaufenden

163 4218 269 4289 Ginge.
289 4235 333 4274 wo
351 4216 512 4287 diejenigen
525 4221 654 4285 standon,
673 4220 781 4276 welche
793 4219 876 4275 heluo
889 4218 1044 4288 Sitzplatce
1057 4217 1153 4274 linden
1164 4217 1298 4274 konuten.

163 4305 226 4374 Vgl.
246 4304 322 4360 Frdl.
344 4304 389 4359 bei
408 4303 570 4375 hlarquardt
589 4304 647 4362 StV
666 4306 709 4359 lll
727 4308 786 4369 532,
810 4308 834 4358 l.
