2978 4988
633 327 667 381 ll.
686 326 793 381 Valerii
811 326 947 382 Martialis

742 499 816 562 XX.

306 610 458 675 Carmina
479 610 600 674 Paulus
624 611 709 690 emit,
734 611 848 677 recitat
871 628 931 675 sua
953 613 1096 676 carmina
1118 613 1249 678 Paulus.

347 722 431 786 Nam
455 721 540 803 quod
564 740 664 799 emas,
690 722 795 805 possis
817 722 887 788 iure
910 742 1026 788 vocare
1047 732 1148 790 tunm.

736 886 828 950 XXI.

304 997 404 1061 Basia
427 995 486 1061 das
509 997 592 1075 aliis,
616 997 690 1062 aliis
713 996 780 1071 das,
806 997 966 1076 Postume,
990 996 1145 1062 dextram.

348 1109 437 1173 Dicis
461 1107 587 1173 »Utrum
611 1109 736 1172 mavisi
758 1109 872 1192 elige«
915 1109 1001 1174 lIalo
1024 1128 1162 1173 manum.

730 1248 838 1335 xxu.

305 1399 391 1478 Quid
413 1399 491 1464 mihi
515 1399 679 1465 vobisoum
702 1409 759 1478 est,
784 1419 802 1465 ο
825 1399 955 1465 Phoebe
977 1420 1158 1484 novemque
1180 1406 1325 1468 sororest

348 1513 432 1576 licre
453 1519 547 1577 noret
569 1512 636 1576 vati
658 1511 751 1576 Musa
773 1513 881 1577 iocosa
903 1530 969 1578 suo.

306 1623 449 1688 Dimidio
472 1622 566 1687 nobis
589 1622 666 1687 dare
689 1623 860 1688 Postumus
884 1633 959 1690 anto
981 1625 1105 1691 solebat

348 1734 456 1813 Basia,
480 1752 565 1798 nuno
586 1733 676 1798 labro
700 1736 807 1817 eoepit
828 1741 963 1818 utroque
986 1735 1074 1802 dare.

721 1896 847 1961 XXIII.

304 2009 377 2073 Nou
399 2007 514 2087 dicam,
538 2008 614 2073 lioot
636 2026 739 2089 usque
760 2028 812 2073 me
834 2010 964 2092 rogetis,

305 2119 384 2198 Quis
407 2120 449 2186 sit
472 2120 642 2184 Postumus
665 2119 699 2182 in
720 2138 792 2185 meo
813 2120 932 2198 libello,

304 2232 377 2297 Non
399 2230 519 2295 dicam:
545 2229 623 2312 quid
646 2231 731 2295 enim
754 2229 833 2294 mihi
855 2249 989 2296 necesse
1012 2240 1061 2296 est

305 2345 373 2408 Has
396 2341 560 2407 offendere
583 2341 790 2421 basiationes,

264 2463 280 2516 5
305 2454 395 2531 Quae
418 2462 543 2520 setam
565 2453 648 2519 bene
671 2453 1011 2538 vindIoarepossuntl

721 2617 842 2681 XXIV.

306 2730 342 2793 si
365 2729 420 2794 det
441 2727 554 2810 iniqua
575 2728 633 2793 tibi
656 2729 780 2793 tristem
804 2727 932 2794 fortuna
954 2737 1088 2808 reatum,

350 2839 525 2921 Squalidus
548 2838 689 2904 haerebo
711 2839 925 2923 pallidiorque
948 2858 1016 2904 rso:

324 3027 378 3081 XX
396 3030 421 3080 2.
438 3027 502 3098 jure
520 3043 623 3082 vosaro
643 3029 671 3080 R
691 3028 777 3081 θοή-112
805 3027 899 3082 dicere
913 3027 977 3098 jure
998 3029 1071 3089 QEm
1085 3029 1180 3081 Solvet

320 3199 404 3253 XXII
431 3203 452 3252 1.
478 3201 501 3253 2.
536 3198 616 3255 Ovid.
638 3198 684 3253 Tr.
707 3198 735 3252 II
762 3201 772 3249 1
795 3198 868 3265 Quid
896 3199 964 3253 mibi
993 3199 1140 3254 vobiscum
1169 3206 1224 3264 est,
1251 3199 1351 3255 infelix

219 3302 288 3341 cura
317 3285 425 3341 libelli?
459 3283 506 3339 Tr.
537 3285 564 3338 II
592 3287 641 3337 351
671 3285 715 3339 Ill
738 3286 762 3349 2,
786 3287 800 3335 5
828 3284 910 3339 Musa
935 3283 1038 3354 jocosa
1062 3300 1124 3339 moa
1147 3283 1192 3338 Tr.
1218 3286 1297 3339 1113
1323 3285 1352 3341 Si

219 3387 355 3440 saperem,
375 3371 476 3425 doctas
495 3370 618 3425 odissem
631 3370 696 3440 jure
714 3385 833 3434 sorores,
851 3369 971 3424 Numina
989 3369 1091 3425 cultori
1103 3370 1265 3438 perniciosa
1280 3386 1350 3427 meo.

218 3458 246 3510 Il
265 3460 312 3510 111
333 3456 393 3511 Nee
411 3460 497 3510 nocet
515 3455 625 3510 auctori
660 3456 780 3522 1117‚o
802 3455 849 3511 Ad
872 3456 980 3520 Musas,
1006 3456 1134 3524 quamvis
1158 3471 1280 3512 nocuere
1310 3458 1353 3511 III

220 3546 264 3607 11,
285 3545 301 3593 6
325 3541 426 3597 artifici
451 3554 523 3607 quae
547 3555 670 3596 nocuere
692 3558 744 3597 suo
763 3541 789 3596 V
812 3544 851 3607 12,
875 3544 908 3593 15
932 3541 1007 3596 Pane
1026 3556 1126 3596 novem
1150 3549 1245 3597 vestra
1267 3543 1355 3598 liceat

219 3628 324 3683 dixisse
337 3641 449 3682 sorores
459 3634 512 3681 eto.
531 3626 573 3680 Ex
585 3626 616 3680 P.
629 3626 670 3681 IV
684 3629 764 3692 13,11
781 3633 937 3682 nocuerunt
956 3627 1078 3681 earmina
1097 3628 1247 3696 qnondam.

288 3799 351 3853 XX.
376 3797 442 3869 Vgl.
463 3798 520 3851 XII
538 3799 571 3850 16
589 3798 649 3853 und
667 3796 712 3853 SG
730 3798 772 3852 III
790 3801 849 3851 112.

286 3885 378 3939 XXII.
410 3902 551 3954 novansque
572 3902 683 3938 sorores.
714 3883 741 3938 V
759 3886 783 3949 6,
805 3886 835 3936 18
858 3884 1000 3939 dominum
1019 3899 1120 3939 novem
1139 3900 1273 3939 sororum.
1298 3885 1354 3939 XlI

218 3975 241 4035 3,
263 3974 294 4024 11
312 3986 413 4026 novem
433 3971 569 4027 dominas.
599 3970 664 4040 Vgl.
685 3987 721 4025 zu
738 3971 752 4023 I
772 3973 811 4035 10,
833 3973 873 4025 15.

286 4056 382 4110 XXIII
400 4059 425 4110 4.
455 4058 623 4111 basiationes.
654 4056 722 4112 Hier
738 4056 799 4111 und
816 4055 872 4110 VII
891 4058 931 4120 95,
952 4058 992 4119 17,
1011 4057 1084 4110 naeh
1104 4055 1198 4112 Catull
1218 4060 1241 4121 7,
1263 4060 1283 4108 1.

286 4142 389 4198 XXIV.
418 4142 489 4197 Eine
506 4141 655 4198 Variation
673 4142 823 4198 desselben
841 4141 963 4197 Thomas
981 4142 1009 4195 II
1028 4146 1069 4195 13.

288 4231 310 4282 1.
337 4234 446 4284 reatum.
482 4228 537 4283 Ein
555 4229 629 4284 nach
647 4228 811 4295 Quintilian.
832 4228 959 4293 Π18,34
977 4235 1072 4285 zuerst
1089 4245 1146 4284 von
1163 4229 1285 4285 Messala
1303 4245 1354 4299 ge-

218 4314 371 4371 brauchtes
389 4316 478 4372 Wort.
