2978 4988
381 350 613 420 Epigrammaton
631 349 716 405 Liber
732 349 759 404 V
779 351 862 413 {edint
878 351 982 408 Herbst
1000 354 1051 417 89).
1213 356 1277 419 413

662 521 760 586 XLV.

229 633 320 699 Dicis
342 633 523 714 formosam,
549 633 630 699 dicis
651 641 693 712 te,
716 633 829 713 Bassa,
853 633 1006 717 puellam.

229 744 321 812 Istud
344 764 428 827 quae
450 765 513 810 non
536 752 585 811 est
607 743 724 824 dIcere,
748 745 860 823 Bassa,
884 746 974 811 solet.

651 907 767 972 XLVI.

230 1022 329 1086 Basia
352 1020 427 1085 dnm
450 1019 524 1083 nolo
547 1019 609 1083 nisi
633 1038 717 1101 qnae
739 1019 897 1084 luctantia
919 1019 1033 1102 carpsi,

272 1134 313 1197 Et
335 1133 441 1215 placet
462 1132 511 1195 ira
533 1129 611 1194 mihi
634 1132 707 1213 plns
729 1138 793 1208 tua,
819 1150 916 1212 quam
938 1129 1047 1207 saclas,

229 1245 274 1311 Ut
295 1251 328 1310 te
351 1261 450 1325 saepo
472 1261 592 1325 rogem,
616 1241 725 1320 caedo,
751 1241 962 1321 Diadumeno,
986 1259 1100 1325 saepe:

270 1356 456 1437 Consequor
478 1353 546 1432 hoc,
570 1360 605 1418 ut
627 1373 678 1417 me
701 1372 760 1419 neo
782 1354 897 1419 timeas
919 1373 978 1419 nec
1001 1373 1101 1420 ames.

639 1498 771 1563 XLVII.

227 1613 458 1694 Nunquamne
481 1628 615 1675 cenasse
638 1609 722 1675 domi
745 1610 836 1675 Philo
858 1611 951 1692 iurat,
976 1617 1008 1676 ct
1030 1611 1090 1676 hoc
1112 1619 1174 1678 est:

269 1725 342 1789 Non
364 1729 466 1801 cenat,
491 1723 639 1803 quotiens
661 1740 755 1786 nemo
778 1723 906 1787 vocavit
929 1742 1010 1787 enm.

633 1875 780 1940 XLVIII.

227 1987 314 2067 Quid
336 2008 400 2053 non
423 1989 508 2072 cogit
530 1992 640 2054 amori
662 1988 765 2053 secuit
786 1989 915 2053 nolente
938 1988 1072 2072 capillos

268 2102 428 2184 Encolpos
452 2099 590 2178 domino,
615 2119 678 2164 uon
701 2098 890 2182 prohibente
911 2106 1028 2164 tamen.

225 2213 376 2277 Permisit
397 2212 550 2295 flevitque
572 2209 719 2276 Pudens:
744 2210 791 2273 sic
813 2211 911 2275 cessit
932 2210 1068 2276 habenis

267 2322 392 2388 Audaci
415 2331 548 2407 questus
572 2321 613 2387 de
635 2320 838 2387 Phaethonte
859 2329 966 2406 pater:

184 2444 200 2497 5
226 2436 316 2500 Talis
340 2441 452 2519 raptus
474 2435 586 2519 Hylas,
611 2434 685 2498 taIIs
709 2431 887 2516 deprensus
909 2433 1052 2498 Achilles

267 2546 428 2630 Deposuit
449 2545 605 2629 gaudens,
630 2552 732 2610 matre
755 2543 893 2624 dolente,
918 2563 1034 2610 comas.

225 2657 290 2724 Sed
313 2665 348 2723 tu
371 2678 412 2723 ne
434 2676 573 2742 propera
593 2694 636 2703 —
659 2654 811 2720 brevibus
834 2674 876 2720 ne
898 2655 994 2722 crede
1017 2658 1144 2742 capillis
1166 2696 1209 2705 -

268 2768 442 2851 Tardaque
465 2788 523 2852 pro
546 2776 635 2834 tanto
658 2786 798 2846 munere,
823 2767 933 2847 harha,
958 2769 1045 2834 veni.

241 2922 319 2977 XLV
338 2926 361 2978 2.
383 2937 456 2991 quac
473 2923 726 2989 sumendo
761 2923 837 2992 quod
861 2924 886 2976 Τ
901 2922 986 2986 (schot
1016 2928 1096 2992 quas)
1115 2926 1166 2978 Ro
1198 2927 1275 2995 quod

139 3029 187 3064 cus
206 3029 272 3079 quac
290 3027 358 3062 corr.
379 3012 410 3071 Q.
452 3008 526 3063 solet
546 3008 673 3069 PQEFo
710 3007 786 3063 soles
806 3008 834 3061 R
852 3026 919 3061 corr.
943 3009 973 3062 Τ.

242 3094 363 3150 XLVIII
383 3095 408 3146 2.
432 3093 578 3162 Encolpos
591 3094 645 3155 QF
671 3092 795 3161 (olpoP1
821 3093 968 3162 Encolpos
981 3095 1030 3147 Eo
1044 3095 1113 3146 Scin
1148 3099 1173 3147 5.
1188 3095 1276 3152 'Iulos

136 3213 171 3221 —
189 3181 261 3237 tales
284 3180 388 3233 (silleri
425 3183 447 3231 7.
471 3194 507 3233 ne
525 3193 649 3247 propera
673 3180 787 3240 PQEX
798 3180 989 3232 corr.ABF(1‘
1030 3194 1083 3234 nec
1101 3201 1123 3233 ω
1143 3182 1193 3234 Ser
1237 3197 1273 3237 ne

137 3270 220 3323 crede
239 3268 347 3321 I’Ecc
371 3264 492 3318 Gilbert³
504 3283 535 3334 p.
555 3273 605 3319 519
640 3279 693 3319 nec
713 3264 795 3319 credo
815 3265 862 3317 Fu
897 3278 951 3320 nec
968 3282 1036 3317 cm.
1056 3283 1105 3318 atu
1122 3280 1158 3321 nc
1178 3270 1209 3330 Q.

241 3420 332 3475 XLVI
354 3425 376 3473 1.
405 3420 471 3489 Vgl.
492 3436 527 3474 zu
546 3419 585 3474 lV
605 3420 645 3483 22,
664 3421 688 3470 7.

206 3558 326 3613 XLVI.
352 3562 504 3629 somrosam
520 3588 555 3596 —
567 3558 696 3626 puellam.
729 3555 825 3611 sehon
842 3556 900 3610 und
925 3555 1003 3627 jung.
1043 3557 1107 3626 Vgl.
1126 3557 1167 3612 IX
1185 3562 1226 3627 66,
1247 3563 1272 3615 l.

206 3643 297 3698 XLVI
317 3646 338 3699 l.
368 3643 497 3698 luctantia
515 3642 613 3712 carpsi.
644 3642 709 3711 vgl.
729 3641 769 3697 lv
787 3644 827 3708 22,
847 3645 870 3698 7.

206 3736 230 3785 3.
262 3730 438 3784 Diadumene.
458 3729 523 3799 Vgl.
543 3729 645 3794 11165,
664 3731 689 3782 9.

206 3816 321 3871 XLVII.
352 3816 393 3872 Zn
411 3816 439 3870 II
459 3819 499 3870 ll.

206 3902 335 3957 XLVIII.
366 3902 499 3956 Zu131.

205 3992 231 4043 5.
268 3988 341 4041 Talis
359 3991 454 4055 raptus
467 3988 564 4057 Hylas.
594 3986 621 4040 X
639 3988 696 4052 4,ss
721 3985 794 4052 Quid
813 3986 864 4042 tibi
882 3992 982 4055 raptus
994 3984 1091 4055 Hylas.
1121 3984 1184 4054 Vgl.
1198 3985 1272 4041 auch

136 4074 193 4129 XII
212 4076 253 4140 84,
272 4078 297 4126 3.

205 4162 349 4230 deprecans
366 4158 493 4212 Achilles.
526 4157 615 4214 Unter
632 4159 688 4214 den
706 4157 850 4213 Tochtern
867 4158 918 4212 dos
936 4157 1120 4226 Lycomedes.
1156 4156 1212 4212 XII
1231 4159 1273 4225 82,

139 4250 169 4298 lo
187 4246 335 4301 Achilleas
353 4244 530 4314 disposuisse
550 4260 654 4300 comas.

205 4335 231 4386 7.
251 4338 276 4383 s.
308 4331 444 4387 Dersslhe
462 4328 589 4385 Wnnseh
607 4330 637 4384 ln
650 4331 768 4386 anderen
786 4328 869 4384 Form
887 4327 928 4381 IX
948 4330 989 4393 17,
1011 4331 1035 4382 7.
1056 4331 1081 4381 8.
