2978 4988
218 324 281 386 376
623 316 661 371 n.
681 315 786 372 Valerii
804 315 941 371 Martialis

305 490 430 557 Dieeris
452 489 514 554 hae
536 488 640 556 faetus
663 487 792 553 caelebs
815 494 930 571 quater
952 504 1024 553 esse
1047 486 1177 571 lagona.

347 602 415 667 Neo
436 608 523 685 puto,
547 619 607 666 nee
629 597 732 679 eredo,
757 599 882 683 Papile,
907 616 968 665 nee
988 598 1072 665 sitio.

727 735 830 800 LXX.

306 850 395 916 Nihil
417 849 585 913 Ammiano
607 853 736 931 praeter
756 845 880 911 aridam
903 852 1020 910 restem

304 962 443 1026 Moriens
465 958 596 1040 reliquit
618 958 738 1023 ultimis
760 964 854 1041 pater
874 956 983 1023 aeris..

306 1072 392 1137 Fieri
415 1078 544 1155 putaret
563 1088 660 1154 posse
682 1069 763 1151 quis
787 1067 969 1147 Menullino,

305 1183 350 1250 Ut
371 1184 559 1247 Ammianus
580 1186 739 1245 mortuum
761 1185 886 1262 patrem
908 1178 1028 1244 nolletl

725 1316 841 1380 LXXI.

306 1430 432 1509 Quaero
454 1428 511 1495 diu
533 1435 644 1508 totam,
670 1427 797 1492 Safroni
820 1427 912 1507 Rufe,
935 1447 993 1512 per
1015 1427 1138 1507 urbem,

349 1541 384 1606 Si
406 1560 471 1624 qua
491 1539 604 1625 puella
625 1546 736 1622 neget:
761 1539 851 1604 nulla
873 1538 984 1623 puella
1005 1546 1112 1623 negat.

307 1654 476 1734 Tanquam
499 1651 550 1717 ias
572 1670 635 1715 non
658 1651 712 1727 sit,
736 1657 889 1732 tanquam
913 1650 955 1715 sit
977 1656 1071 1734 turpe
1092 1669 1222 1734 negare.

348 1765 517 1845 Tanquam
539 1782 602 1827 non
625 1761 735 1827 lieeat:
760 1762 850 1827 nulla
872 1760 983 1846 puella
1005 1768 1114 1845 negat.¹

265 1885 281 1938 5
306 1876 405 1941 Casta
426 1874 524 1957 igitur
546 1872 637 1938 nulla
659 1876 731 1937 esti
753 1879 829 1937 sunt
850 1879 961 1937 uastae
983 1872 1086 1938 mille:
1111 1871 1189 1954 quid
1211 1893 1287 1957 ergo

349 1984 450 2051 Casta
471 1985 570 2050 iaoit‘l
591 2003 654 2048 non
676 1982 743 2058 dat,
766 2003 830 2047 non
852 1990 961 2048 tamen
983 1984 1041 2048 illa
1063 1990 1171 2069 negat.

716 2120 851 2185 LXXII.

306 2233 431 2317 Exigis,
456 2239 491 2296 ut
513 2231 628 2297 donem
651 2238 777 2296 nostros
799 2230 867 2309 tibi,
892 2228 1021 2311 Quinte,
1046 2231 1186 2297 libellos.

349 2344 421 2409 Non
444 2343 557 2421 haheo,
581 2341 640 2408 sed
662 2342 761 2407 habet
783 2341 961 2426 bibliopola
984 2343 1148 2428 Tryphon.

306 2456 385 2521 »Aes
409 2454 492 2520 dabo
516 2474 572 2539 pro
596 2454 690 2537 nugis
713 2460 745 2518 et
767 2473 871 2519 emam
894 2460 950 2534 tua
973 2454 1114 2519 earmina
1136 2459 1254 2519 sanasi

349 2566 436 2631 Non«
457 2567 564 2648 inquis
588 2564 719 2629 »faeiam
741 2571 806 2629 tam
829 2564 942 2630 fatuea
980 2566 1048 2630 Nee
1071 2585 1139 2649 ego.

708 2700 860 2766 LXXIII.

307 2811 386 2878 (lam
409 2812 519 2894 gravis
542 2818 702 2876 extremas
724 2813 876 2878 Vestinus
898 2812 1029 2878 duoerel
1050 2811 1146 2879 horas

225 2920 540 3011 ——nffiaus
576 2956 707 3020 sulus,
727 2960 752 3010 4.
849 3023 851 3026 y
894 2966 899 2978 ·

225 3048 430 3057 ——-——

290 3082 315 3133 3.
335 3077 368 3131 D.
387 3077 414 3131 h.
433 3079 448 3128 4
466 3076 577 3132 Frauen
594 3075 729 3146 vergiftet
746 3091 781 3130 uu
799 3075 899 3131 haben.
987 3078 1088 3146 lapsam.
1124 3076 1188 3134 Wie
1206 3080 1245 3134 IV
1264 3083 1303 3144 43,
1324 3085 1348 3132 5.

289 3161 367 3216 LXX
385 3165 408 3215 2.
434 3161 508 3233 certi.
544 3160 632 3217 Cerae
650 3161 696 3216 die
715 3161 861 3216 einzelnen
879 3160 974 3216 Seiten
993 3163 1044 3219 des
1062 3162 1247 3220 Testaments.
1278 3165 1350 3220 Mar-

222 3250 327 3320 quardt
344 3248 397 3303 Pri.
418 3249 475 3312 782,
496 3250 535 3304 10.

289 3334 390 3388 LXXI.
409 3332 474 3402 Vgl.
496 3333 536 3387 IV
555 3335 595 3386 81.
721 3359 724 3365 ,

292 3420 315 3473 1.
335 3418 453 3488 Safroni
470 3420 556 3489 Raso.
593 3417 659 3488 vgl.
679 3417 720 3472 XI
742 3421 799 3471 103.

290 3505 314 3556 6.
334 3504 380 3556 dat
400 3531 430 3541 -
450 3509 537 3573 nepot.
575 3504 974 3575 Vgl.11154undnu119.

291 3587 398 3642 LXXII
418 3592 441 3642 2.
460 3590 603 3660 bshliopolu
620 3591 753 3661 Tryphon.
779 3590 832 3645 Ais
850 3591 907 3646 hL’s
919 3589 1053 3660 Verleger
1070 3590 1142 3645 auch
1163 3591 1231 3645 XIII
1245 3594 1272 3652 3;
1294 3595 1350 3661 vgl.

221 3674 294 3729 Einl.
313 3672 339 3729 S.
361 3678 392 3727 16
405 3674 423 3729 f.
452 3674 489 3728 Er
507 3692 566 3730 war
584 3676 657 3730 aueh
676 3676 726 3730 der
744 3675 913 3741 Quintiliana
935 3677 1012 3739 [Inst.
1032 3683 1103 3732 orat.
1123 3676 1235 3745 praefi).

290 3759 412 3814 LXXIII
433 3764 454 3814 1.
472 3761 616 3816 'Vestinus
653 3760 696 3826 V.‚
723 3762 773 3817 der
795 3761 928 3817 hiernach
951 3764 989 3817 im
1010 3763 1037 3818 J.
1057 3764 1089 3815 88
1112 3762 1185 3817 noeh
1209 3763 1289 3819 nieht
1314 3764 1353 3818 alt

225 3852 261 3913 (v.
282 3849 305 3913 8)
327 3847 413 3911 starb,
432 3845 509 3901 kann
527 3847 607 3903 nieht
624 3847 656 3900 L.
677 3847 787 3902 'Pullius
806 3846 940 3903 Vestinus
964 3849 1032 3914 sein,
1057 3849 1121 3902 dem
1138 3846 1298 3916 Vespasian
1316 3850 1353 3902 im

223 3932 250 3989 J.
267 3938 295 3986 71
321 3933 367 3989 die
376 3932 556 4002 Herstellung
574 3933 625 3988 des
637 3933 767 4001 Capitols
784 3934 926 4005 hbertrug,
945 3935 994 3989 der
1012 3939 1094 3988 anter
1105 3932 1179 3988 Nero
1191 3933 1353 4001 praefectus

222 4019 349 4090 Aegypti
367 4034 498 4089 genesen
515 4035 572 4074 war
590 4019 648 4074 und
667 4019 756 4073 sehon
773 4019 810 4074 lm
822 4020 850 4076 J.
863 4022 896 4072 48
912 4037 947 4075 uu
965 4021 1020 4075 den
1038 4019 1187 4074 Freunden
1205 4020 1256 4074 des
1268 4018 1353 4075 Clau-

223 4104 287 4159 dius
306 4104 406 4174 gehort
422 4105 501 4161 hatte
523 4104 576 4171 (SG
595 4105 608 4158 I
628 4106 690 4169 186;
711 4103 839 4169 111450).
873 4103 956 4161 Whre
980 4121 1009 4160 er
1033 4105 1141 4161 damals
1160 4106 1232 4159 auoh
1251 4122 1303 4161 nur
1322 4110 1353 4159 24

222 4189 309 4244 Jahre
328 4189 369 4245 alt
386 4205 525 4260 gewesen,
544 4207 576 4247 so
594 4192 668 4246 wire
687 4205 718 4245 er
734 4190 764 4244 in
782 4191 831 4246 der
850 4190 925 4247 Thal
943 4190 984 4246 als
1002 4207 1089 4247 senex
1106 4191 1265 4260 gestorben.

292 4274 401 4346 pravis:
421 4276 519 4340 krank,
538 4277 591 4331 wie
608 4275 692 4346 Verg.
711 4275 808 4345 Eelog.
828 4278 899 4331 149.
