2978 4988
208 338 269 400 360
614 337 649 391 ld.
669 336 776 393 Valerii
793 337 929 393 Martialis

294 513 466 576 Fecerunt:
491 509 603 574 meritc
626 516 729 574 tumet
751 509 910 589 Sabellus,

294 623 365 688 Nec
387 640 580 703 quemquam
604 627 697 705 putat
720 640 792 685 esse
814 620 1048 705 praedicatque

294 735 382 799 Inter
404 731 584 797 causidicus
607 731 794 796 beatiorem.

254 856 269 908 5
294 847 362 910 Hcs
384 844 488 909 fastus
511 844 700 925 animosque
723 842 779 907 dat
801 842 933 908 Sabello

294 957 403 1022 Farris
426 954 588 1020 semodius
609 953 771 1035 fabaeque
792 953 910 1034 fresae,

294 1070 336 1133 Et
358 1068 437 1132 turis
459 1067 645 1150 piperisque
668 1072 733 1130 tres
756 1065 906 1137 selibrae.

295 1181 336 1244 Et
358 1179 520 1243 Lucanica
542 1183 654 1242 ventre
676 1196 747 1241 cum
770 1177 907 1260 Falisco,

295 1292 336 1356 Et
358 1290 441 1372 nigri
465 1288 549 1372 Syra
570 1286 688 1353 defruti
711 1287 839 1372 lagona,

237 1412 273 1467 16
296 1404 338 1467 Et
359 1401 439 1465 ficus
462 1399 586 1482 Libyca
607 1398 717 1482 gelata
740 1406 824 1464 testa

296 1513 376 1579 Cum
399 1511 505 1576 bulbis
527 1510 709 1591 cocleisque
732 1529 901 1593 casecque.

294 1625 411 1690 Piceno
435 1642 561 1705 quoque
584 1623 674 1686 venit
696 1642 716 1686 a
738 1622 855 1687 cliente

296 1736 419 1801 Parcae
441 1733 559 1799 cistula
580 1753 644 1797 non
666 1753 770 1817 capax
793 1733 909 1809 olivae,

296 1848 338 1912 Et
359 1865 467 1912 crasse
490 1844 581 1928 figuli
605 1844 705 1927 polita
728 1844 818 1910 caelo

237 1968 271 2022 15
295 1957 487 2042 Septenaria
509 1955 673 2039 synthesis
696 1954 833 2039 Sagunti

297 2071 473 2153 (Hispanae
495 2068 618 2133 luteum
640 2074 730 2131 rutae
752 2069 904 2145 toreuma}

315 2258 406 2312 XLVI
428 2261 467 2311 15.
488 2259 529 2309 16.
555 2257 659 2325 Interp.
687 2255 753 2307 sraela
776 2254 899 2307 (iildcrt³
912 2274 942 2324 p.
962 2263 1011 2310 517
1031 2255 1158 2326 Sagunti,
1183 2276 1208 2311 u.
1231 2268 1261 2313 16
1280 2260 1345 2312 chare

216 2345 377 2400 Parentlrese
395 2344 473 2397 Sella.

280 2519 351 2570 (1.1.
383 2513 513 2567 semodius
530 2542 565 2552 -
582 2511 700 2566 selibrae.
731 2510 771 2566 Zu
788 2511 802 2565 Ι
821 2513 862 2576 99,
883 2513 933 2565 15.

280 2605 304 2655 6.
328 2600 465 2672 fabaeque
477 2601 579 2670 fresae.
610 2597 710 2651 ZuIII
728 2600 771 2662 41,
794 2599 833 2649 12.

280 2690 304 2741 8.
335 2683 480 2737 Lucanica.
518 2683 588 2737 Eine
606 2681 787 2739 Lukanischc
805 2683 970 2738 Bratwurst.
1001 2683 1028 2737 V
1046 2686 1087 2746 31,
1108 2687 1123 2736 9
1146 2683 1186 2740 Vl
1204 2689 1279 2745 8116
1305 2686 1345 2739 111

212 2770 437 2836 263111661
463 2767 519 2821 ΧΗ
538 2770 612 2831 313
637 2767 708 2821 XIII
727 2771 770 2821 35.
798 2767 948 2824 Blnemner
967 2767 994 2823 S.
1018 2770 1074 2833 121,
1093 2772 1117 2821 3.

280 2860 370 2910 centra
389 2873 448 2907 cam
466 2852 587 2907 Falisco.-
612 2851 861 2924 Schweinemagen
880 2869 931 2909 aus
950 2853 1061 2908 Falerii.

280 2944 306 2995 9.
337 2939 458 3012 defruti:
489 2938 645 3009 gelucehter
668 2940 751 2994 Most.
788 2939 880 2995 Ucber
903 2938 950 2994 dle
977 2938 1129 3009 Sytisehen
1153 2941 1252 2997 Weine
1275 2942 1346 2997 llar-

213 3027 316 3100 quardt
333 3025 389 3080 Prl.
410 3027 469 3079 440.

280 3115 382 3183 leym.
412 3111 454 3166 Zu
471 3110 511 3166 VI
530 3112 571 3175 89,
589 3113 613 3164 4.

283 3201 322 3252 10.
347 3203 422 3271 flua
446 3195 549 3266 Libyca
566 3195 651 3259 (VII
660 3203 703 3259 53,
717 3200 748 3259 8)
765 3197 852 3266 potata
870 3200 944 3249 tecta.
979 3194 1080 3251 Gelata
1098 3197 1145 3251 ein
1168 3199 1347 3254 technisclrer

211 3283 378 3348 Ausdrnclr‚
398 3282 451 3337 wie
470 3297 500 3336 es
519 3281 642 3347 scheint,
668 3279 712 3335 lilr
730 3280 793 3336 eine
810 3280 865 3336 Art
881 3279 968 3336 Gelda
988 3281 1060 3351 [gelu
1084 3298 1147 3336 vom
1166 3283 1347 3339 Festwerden

213 3371 291 3427 einer
314 3365 490 3437 Fldssigkcit
515 3366 589 3421 ohne
608 3364 753 3421 Gesneren
770 3366 811 3420 IV
824 3369 864 3433 59,
879 3370 914 3434 4).
946 3368 1003 3422 Lac
1026 3366 1151 3438 gelatum
1174 3367 1348 3425 Colummela

214 3456 311 3509 11391.
342 3453 385 3507 Id.
402 3451 520 3515 vuar
542 3451 596 3514 (bei
611 3452 661 3507 der
673 3452 906 3523 Ktsebcreitungl
926 3453 1005 3522 ipsos
1024 3454 1138 3523 quidam
1157 3455 1261 3510 virides
1281 3472 1348 3510 cen·

211 3546 308 3597 terunt
333 3535 452 3592 nucleos
477 3541 506 3591 et
523 3535 592 3591 lacti
617 3538 788 3606 permiscent
811 3545 896 3607 atque
914 3539 955 3594 ita
979 3538 1139 3608 congelant.
1159 3570 1193 3579 -
1210 3541 1263 3596 Illa
1280 3557 1348 3597 vero

213 3624 362 3681 nottesima
380 3628 425 3677 est
446 3624 519 3677 ratio
543 3620 668 3677 faciendi
687 3624 762 3678 casei
781 3639 862 3694 quem
880 3624 999 3680 dicimus
1021 3641 1104 3680 mann
1127 3641 1263 3694 pressum.
1284 3644 1348 3683 nam

213 3711 238 3766 is
257 3710 373 3778 paulum
385 3708 497 3776 gelatus
517 3707 546 3761 in
564 3708 735 3764 mulctra-
753 3711 923 3766 rescinditur
941 3717 994 3766 etc.
1089 3774 1116 3791 ἱ,

286 3796 327 3847 12.
360 3793 466 3847 Piceno.
499 3793 631 3858 Iulus,
650 3797 675 3847 8.
1107 3796 1110 3805 ’

284 3882 393 3933 13-16.
425 3879 561 3949 synthesis.
598 3879 669 3936 Eine
687 3881 846 3937 bestimmte
864 3881 976 3938 Anuahl
1002 3883 1069 3945 (hier
1093 3871 1118 3946 t]
1139 3898 1350 3955 zusammenge-

214 3965 325 4036 hltriger
343 3963 471 4020 Gefa'ssc.
513 3965 582 4021 Stat.
602 3965 629 4021 S.
648 3966 689 4020 IV
707 3969 730 4031 9,
749 3969 783 4017 44
807 3968 953 4037 synthesin
970 3967 1107 4024 Alborum
1126 3960 1246 4025 calicum
1264 3979 1350 4040 atque

214 4052 408 4109 caccaborum.
437 4051 601 4122 llarquardt
617 4052 673 4106 Prl.
696 4055 753 4116 554,
774 4054 813 4106 41.
839 4052 893 4108 Die
913 4054 1017 4110 calices
1036 4055 1185 4125 Saguntim
1207 4056 1282 4119 (xlv
1302 4060 1351 4110 166

213 4137 271 4208 vgl.
289 4138 359 4192 VIII
377 4140 401 4201 6,
420 4141 448 4203 2;
476 4136 595 4208 Sagunti
620 4138 722 4208 gehltrt
738 4153 774 4193 au
791 4137 900 4206 polita),
922 4140 996 4195 nach
1014 4157 1040 4195 v.
1062 4144 1092 4193 14
1110 4156 1137 4195 n.
1160 4144 1351 4198 1616111111-

213 4224 273 4289 lich
296 4222 347 4278 mit
371 4223 531 4279 erhabencn
549 4223 735 4280 Ornamentcn
758 4224 912 4287 versehen,
936 4241 1030 4282 waren
1053 4226 1126 4281 nach
1150 4227 1242 4283 dieser
1264 4227 1351 4284 Stella

214 4308 339 4366 wchlfsil
358 4309 414 4365 und
434 4313 536 4379 mitgen
554 4310 633 4365 ihren
646 4308 707 4365 Rnf
722 4309 777 4365 wcl
792 4311 948 4367 bescndcra
966 4311 1039 4368 ihrer
1051 4311 1275 4370 Brauchbarkcit
1287 4331 1351 4370 ver-
