2978 4988
580 345 615 400 ll.
634 345 741 402 Valerii
758 345 895 402 Martialis

679 518 796 583 LXXI.

259 629 374 693 Ficosa
398 634 447 693 est
469 647 559 708 uxor,
584 627 700 693 ficosus
723 629 849 712 etipse
871 629 1014 706 maritus,
1065 624 1086 663 ⁰

301 738 387 804 Filia
408 738 507 803 ficosa
529 746 578 804 est
600 747 634 804 et
655 758 755 822 gener
777 747 875 822 atque
898 758 1008 822 nepos,

258 850 327 915 Nec
349 850 553 933 dispensator
575 869 634 915 nec
657 851 773 916 villena
795 851 904 916 ulcere
925 850 1011 934 turpi

301 962 370 1025 Nec
393 959 516 1044 rigidus
538 960 650 1040 fossor,
674 960 733 1026 sed
754 980 815 1026 nec
836 967 944 1027 arator
965 967 1049 1044 eget.

219 1079 235 1133 5
260 1071 339 1137 Cum
362 1073 428 1137 sint
449 1070 539 1137 ficosi
561 1072 681 1155 pariter
703 1073 902 1153 iuvenesque
924 1091 1085 1154 senesque

303 1183 367 1248 Res
390 1184 472 1248 mira
495 1190 552 1259 est,
576 1182 653 1248 ficos
676 1202 739 1247 non
761 1183 861 1248 habet
883 1202 966 1249 unus
988 1202 1076 1267 ager.

670 1320 803 1385 LXXII.

261 1430 381 1496 Gratus
404 1430 451 1494 sic
474 1430 542 1505 tibi,
566 1431 677 1508 Paule,
701 1431 743 1496 sit
765 1430 953 1509 December,
1028 1436 1039 1455 “

258 1543 327 1606 Nec
349 1541 424 1605 vani
448 1541 591 1624 triplices
613 1541 793 1623 brevesque
816 1561 955 1626 mappae

259 1654 328 1718 Nec
350 1653 429 1717 turis
452 1653 584 1717 veniant
606 1653 695 1718 leves
718 1651 859 1717 selibrae

259 1762 325 1829 Sed
349 1764 459 1828 lances
481 1763 564 1830 ferat
587 1771 620 1828 et
642 1764 781 1847 scyphos
804 1783 936 1829 avorum

219 1884 235 1938 5
259 1875 324 1940 Aut
345 1873 479 1958 mandis
502 1895 576 1940 reus
600 1884 655 1941 ant
678 1882 792 1959 potens
815 1876 945 1939 amicus.

260 1986 337 2065 Seu,
363 1983 448 2068 quod
471 1993 503 2050 te
526 1987 632 2069 potius
654 1987 745 2052 iuvat
767 1987 928 2069 capitque.

260 2096 314 2162 Sic
336 2098 448 2161 vineas
471 2096 675 2180 Noviumque
696 2097 911 2181 Publiumque

259 2206 403 2273 Mandris
427 2214 459 2272 et
481 2208 583 2272 vitreo
606 2208 731 2274 latrone
754 2211 872 2287 clusos;

260 2319 315 2384 Sic
338 2318 479 2401 palmam
502 2320 559 2384 tibi
584 2318 624 2384 de
647 2320 772 2403 trigone
795 2319 882 2385 nudo

178 2432 384 2442 ---

276 2472 367 2527 LXXI
391 2475 415 2526 2.
451 2487 541 2540 nepos
565 2473 641 2540 bPQ
696 2488 788 2542 nepus
808 2476 836 2527 R
895 2489 977 2529 socer
998 2475 1105 2527 EFNc
1125 2474 1168 2539 (in
1187 2477 1313 2538 011661·-

172 2559 352 2631 96661616666)
387 2561 411 2612 b.
436 2557 506 2612 ficos
526 2557 658 2619 RQEFm
667 2559 735 2611 Scin
772 2558 843 2614 ficus
865 2560 989 2630 00691.
1010 2561 1086 2624 Ι66,
1106 2565 1142 2624 s).

275 2643 381 2697 LXXII
400 2647 423 2697 5.
454 2643 569 2698 amicus.
594 2642 736 2713 capitque,
762 2646 886 2714 Postpats
923 2643 1100 2715 (Cambridge
1119 2645 1220 2701 Philol.
1247 2663 1310 2703 soc.

175 2733 215 2783 18,
234 2728 356 2785 October
381 2730 455 2794 1683)
497 2728 612 2794 amicus,
638 2730 780 2798 capitque.
800 2731 870 2783 Sota
905 2733 928 2785 6.
961 2731 1099 2797 aulona}
1119 2729 1174 2786 Seu
1187 2733 1257 2802 quid
1276 2765 1313 2773 —

174 2815 315 2885 capitque.
340 2814 462 2868 Giloert⁴
475 2833 506 2884 p.
524 2821 575 2868 219
586 2818 617 2885 s.
648 2813 703 2879 (mit
730 2816 900 2885 Verwer‘caap
920 2820 976 2887 aus
994 2816 1129 2883 V175,2
1159 2816 1227 2872 XIV
1248 2821 1274 2883 l,
1296 2823 1311 2871 ἵ

173 2901 240 2955 XIV
259 2902 301 2964 83,
319 2901 352 2963 2).

175 3007 379 3015 ——-.——.

276 3053 367 3108 LXXI
385 3056 408 3104 5.
439 3052 554 3118 Zu13,
575 3056 598 3105 5.

241 3208 334 3263 LXXI
352 3211 375 3260 6.
392 3212 472 3279 ficos.
509 3208 637 3262 16165.

240 3293 347 3349 LXXII
368 3297 390 3348 1.
424 3295 515 3346 Paule.
558 3293 611 3347 llio
628 3291 856 3359 Rechtsanwalt3
883 3293 919 3349 ob
938 3309 969 3349 er
986 3310 1024 3349 an
1041 3296 1141 3366 lrgend
1159 3295 1237 3351 siner
1257 3315 1313 3352 an-

172 3382 258 3437 deren
277 3378 363 3434 Stelle
382 3378 506 3446 gemeiut
523 3378 567 3441 ist,
587 3395 631 3433 wo
650 3379 778 3435 dersolbe
790 3379 878 3434 llame
890 3379 1054 3445 vorlsommt
1073 3382 1112 3436 ist
1123 3381 1310 3439 zweifelbast.

241 3467 265 3516 2.
284 3463 418 3517 Derselbe
437 3462 508 3517 Vers
526 3463 553 3516 X
571 3466 612 3528 81,
631 3467 655 3517 6.

240 3552 307 3603 iss.
339 3545 492 3602 Wohlieile
511 3547 860 3621 Saturnaliengeschenlre.
899 3550 938 3604 Zu
957 3549 997 3604 1v
1016 3553 1055 3615 88,
1074 3554 1099 3604 4.

241 3633 368 3703 trs'pls'cea
404 3633 444 3687 Zu
461 3633 622 3700 1111561.

241 3724 265 3774 7.
292 3719 418 3772 Novium.
455 3719 623 3783 2111862.
654 3720 695 3778 Ob
714 3722 822 3777 Novius
842 3721 906 3790 (vgl.
924 3721 1007 3785 Nohl,
1026 3721 1140 3787 Quaest
1159 3718 1312 3779 Statianae

172 3823 202 3876 p.
222 3809 263 3871 lt)
282 3805 395 3860 Vindex
413 3803 492 3870 [Stat.
514 3803 542 3859 S.
563 3805 604 3860 IV
622 3810 646 3861 6.
681 3807 716 3862 M.
735 3807 777 3862 IX
796 3812 840 3871 433
859 3810 893 3861 14
911 3805 957 3862 SG
975 3807 1018 3861 Ill
1037 3809 1118 3871 5581?

243 3890 426 3960 I’ubls'umquc.
462 3891 503 3945 Zu
521 3891 535 3944 Ι
554 3894 610 3946 los.

241 3978 266 4028 8.
297 3976 331 4029 Ι).
350 3977 376 4031 h.
398 3976 436 4030 lm
461 3975 546 4032 ludus
572 3976 807 4042 latrunculorum,
831 3994 875 4033 wo
900 3979 945 4034 die
973 3978 1096 4048 Figuren
1117 3979 1147 4033 in
1174 3979 1312 4035 mandrae

174 4061 302 4127 (Baneml
321 4062 381 4116 und
399 4062 512 4124 milites,
532 4061 657 4120 latrones
672 4063 819 4129 rcfficrere,
841 4063 978 4128 nordelen,
997 4064 1050 4119 wie
1068 4078 1099 4118 es
1117 4062 1237 4129 seheint,
1258 4080 1312 4134 ge-

170 4147 310 4203 wllhnlich
337 4163 389 4203 aus
416 4146 491 4202 (ilas.
536 4149 699 4221 llarquardt
726 4149 780 4204 Prl.
800 4152 849 4202 632
872 4148 892 4204 f.
941 4149 1004 4220 Vgl.
1033 4148 1089 4202 XII
1118 4151 1166 4211 lo,
1193 4154 1208 4203 3
1240 4149 1312 4204 xlv

173 4236 203 4285 li
223 4234 281 4289 und
303 4235 345 4285 20.

239 4322 263 4370 9.
282 4318 386 4388 tripone
403 4319 482 4372 nudo.
512 4318 552 4375 Zu
571 4319 610 4374 IV
630 4323 670 4386 19,
690 4324 704 4373 5
723 4320 781 4375 und
801 4335 899 4390 u'egeu
917 4319 969 4375 des
986 4317 1139 4390 Adjelrtivs
1157 4320 1312 4385 6111157.
