2978 4988
448 362 678 433 epigrammaton
695 361 766 418 liber
785 361 830 426 tim
846 362 874 419 J.
895 364 948 426 80).

227 536 378 602 Caesaris
400 541 477 600 ante
499 533 599 620 pedes
621 534 760 620 supplex
783 534 962 618 similisque
985 536 1116 619 roganti

270 647 428 727 Constitit,
452 655 485 713 et
507 644 661 731 praedam
683 665 747 712 nen
769 646 905 730 tetigere
927 665 1033 712 eanes.

186 765 205 824 5
230 807 1040 822 ................

270 871 360 936 Haee
382 870 545 935 intelleete
568 869 713 954 principe
733 867 821 935 dena
842 869 926 935 tulit.

228 982 355 1049 Numen
376 980 476 1048 habet
498 980 633 1047 Caesar:
656 999 750 1047 saera
772 987 822 1046 est
842 980 932 1061 haee,
957 999 1050 1047 saera
1072 987 1224 1064 potestas,

272 1091 416 1159 Credite:
440 1093 567 1158 mentiri
590 1111 654 1159 non
676 1091 819 1160 didicere
841 1091 939 1158 ferae.

230 1495 354 1563 Cedere
375 1495 489 1562 maiori
511 1495 639 1561 vinetis
660 1494 749 1561 fame
769 1492 913 1561 secunde
935 1502 993 1560 est.

272 1606 336 1673 Illa
357 1607 468 1692 gravis
490 1605 600 1691 palma
622 1613 680 1686 est,
704 1626 800 1689 quam
822 1606 925 1672 minor
946 1605 1047 1672 hostis
1070 1605 1176 1671 habet.

230 2011 282 2076 Da
303 2011 432 2076 veniam
454 2011 583 2077 subitis:
608 2028 672 2076 non
694 2007 900 2094 displieuisse
921 2015 1061 2075 meretur

271 2122 429 2206 Festinat,
455 2121 584 2202 Caesar,
608 2121 664 2205 qui
686 2120 849 2205 placuisse
871 2120 938 2186 tibi.

617 2300 797 2385 [xxm]

500 2412 623 2496 fflinter
645 2411 718 2479 dem
743 2417 791 2476 11.
815 2410 926 2496 Bueh.)

212 2615 331 2672 XXXIL
356 2615 521 2687 Allerdings
539 2616 615 2672 kann
632 2617 694 2674 dies
705 2616 858 2673 Distiehon
875 2617 921 2673 ein
933 2615 1141 2686 selbstiindiges
1151 2614 1274 2673 Gedieht

146 2701 213 2758 sein.
248 2700 330 2757 Doeh
353 2703 392 2758 da
408 2701 443 2757 Μ.
462 2702 508 2758 die
531 2701 694 2773 Sammlung
716 2703 767 2760 mit
785 2703 858 2767 drei,
881 2702 974 2760 dtrekt
1001 2703 1071 2759 odet
1092 2701 1215 2758 indirekt
1237 2718 1273 2758 an

145 2787 201 2842 den
221 2785 322 2844 Keiser
344 2787 521 2857 geriehteten
542 2788 660 2859 langere
684 2787 844 2846 Gediehten
865 2789 1029 2860 elugeleitst
1050 2788 1113 2854 hat,
1132 2786 1226 2845 durfte
1244 2803 1274 2844 er

146 2872 187 2929 sie
204 2872 277 2929 aueh
295 2873 346 2930 mit
362 2873 536 2931 mindestens
554 2875 644 2930 einem
661 2875 779 2945 lingens
796 2874 980 2932 besehlossen
997 2874 1098 2931 haben.
