2978 4988
234 347 294 409 178
637 338 674 392 Μ.
694 337 799 393 Valerii
817 336 952 393 Martialis

360 513 455 579 Solus
479 511 611 589 boletos,
639 509 834 587 Caeciliana,
859 528 964 574 voras.

317 625 402 703 Quid
425 623 557 707 dignum
580 627 670 687 tanto
693 620 752 685 tibi
775 626 886 686 ventre
907 619 1049 703 gulaque
1073 620 1245 703 precabor?

359 736 505 801 Boletum
528 733 657 817 qualem
680 731 837 797 Claudius
860 729 936 806 edit,
961 730 1048 796 edas.

750 867 841 932 XXI.

316 983 397 1049 Cum
419 988 544 1065 peteret
566 999 687 1064 regem,
712 978 849 1062 decepta
871 978 1012 1043 satellite
1036 976 1150 1044 dextra

360 1094 501 1177 Ingessit
524 1092 624 1157 saeris
646 1109 682 1155 se
705 1090 847 1174 peritura
869 1088 958 1154 foois.

317 1205 383 1271 Sed
406 1212 471 1269 tam
494 1222 595 1267 saeva
617 1202 690 1285 pius
712 1199 868 1266 miraeula
890 1219 954 1265 non
976 1201 1050 1265 tulit
1072 1200 1173 1266 hostis

358 1317 400 1381 Iit
421 1322 548 1399 raptum
571 1313 708 1378 flammis
731 1312 825 1377 iussit
846 1311 937 1377 abire
959 1312 1073 1378 uirum.

275 1439 292 1490 5
316 1428 418 1494 Urere
440 1446 537 1508 quam
559 1425 663 1508 potuit
685 1430 867 1507 oontempto
889 1423 1013 1488 Muoius
1036 1424 1120 1506 igne,

358 1538 451 1602 Hane
472 1543 620 1620 spectare
642 1554 771 1600 manum
794 1535 936 1599 Porsena
958 1552 1022 1599 non
1044 1536 1157 1617 potuit.

334 1708 402 1762 XXI
424 1711 445 1761 1.
472 1705 690 1775 interpunktion
708 1705 782 1760 naoh
806 1705 911 1759 (ridet
923 1722 954 1774 p.
973 1711 997 1756 6.
1027 1705 1122 1765 (Solm
1152 1705 1271 1761 Komma
1288 1708 1361 1761 nach

231 1796 337 1859 dextra,
356 1793 437 1849 leina
455 1793 529 1848 naoh
547 1795 662 1861 regent.
693 1795 718 1843 5.
739 1792 804 1860 igne
824 1791 922 1852 PQFo
934 1790 1018 1843 saro
1038 1794 1078 1854 (eo
1097 1796 1167 1846 stete
1186 1791 1232 1846 bei
1249 1791 1285 1845 11.
1305 1793 1363 1847 (rib

231 1881 294 1937 sera
325 1879 384 1948 igni
403 1878 579 1932 5111185552.

235 1988 438 1996 ..-—-—--.—-

333 2033 387 2087 XX
406 2035 430 2084 1.
457 2031 587 2089 Juvenal.
607 2034 630 2095 5,
651 2032 698 2082 tt?
730 2029 861 2098 (ponitur)
880 2029 998 2085 Boletus
1016 2030 1145 2095 domino,
1174 2033 1224 2087 sed
1252 2033 1362 2101 qualem

232 2117 369 2173 Claudius
388 2118 447 2172 edit
475 2116 551 2172 Ante
569 2116 648 2170 illum
667 2115 771 2179 uxoris,
792 2121 860 2183 post
878 2130 960 2182 quem
979 2115 1018 2169 nil
1037 2115 1157 2184 amplius
1176 2118 1243 2173 odit.

336 2203 405 2256 XXI
424 2205 449 2257 1.
470 2201 550 2257 Ovid.
572 2201 633 2257 Am.
652 2202 681 2254 II
702 2203 740 2264 19,
762 2201 792 2252 11
823 2198 868 2254 Tr.
887 2201 929 2254 1ss
949 2202 970 2264 1,
989 2203 1022 2253 68
1036 2200 1123 2270 jussit
1141 2203 1225 2259 abire.

338 2290 389 2349 (De
409 2288 554 2344 Scaevola.
573 2287 634 2342 le
652 2287 695 2342 ed.
708 2285 852 2342 Baehrens
865 2285 906 2341 IV
915 2287 974 2341 342.
1015 2289 1039 2341 7.
1058 2289 1082 2339 8.
1104 2286 1200 2342 Sidon.
1221 2288 1316 2358 Apoll.
1332 2290 1362 2344 C.

231 2379 255 2440 5,
275 2378 306 2427 18
325 2373 483 2440 [Scaevola]
501 2374 569 2429 Plus
582 2372 650 2428 felix
669 2378 807 2440 peccante
825 2387 918 2436 manu,
939 2387 1004 2426 eum
1022 2370 1095 2427 torte
1113 2374 1228 2429 satelles
1246 2380 1317 2439 eto).

299 2528 353 2583 XX
371 2531 395 2578 1.
414 2528 447 2582 15
466 2529 516 2583 der
533 2528 652 2582 Hdsohr.
673 2527 723 2582 der
735 2522 885 2594 Leipziger
902 2525 1152 2583 Stadtbibliothslr.
1178 2530 1274 2599 Haupt
1291 2531 1362 2599 opp.

231 2616 244 2668 I
263 2616 369 2752 plilill
386 2703 409 2752 5.
423 2702 447 2751 6.
468 2697 591 2768 Pompej.
607 2696 710 2752 Comm.
727 2696 783 2757 {GL
796 2696 884 2751 11281
897 2704 920 2759 s]
937 2697 1140 2761 (Barbarismus
1152 2697 1191 2762 fit,
1206 2699 1231 2754 si
1243 2700 1360 2764 literam)

112 2812 118 2820 =
233 2784 373 2848 detrahas,
399 2784 423 2839 si
442 2784 522 2838 dloas
534 2783 659 2838 Porsena
677 2799 728 2851 pro
747 2798 781 2838 eo
800 2783 878 2852 quod
895 2788 939 2838 est
955 2783 1113 2838 Porsenna:
1134 2784 1214 2849 ,hano
1234 2791 1363 2852 spectare

231 2887 342 2924 manum
366 2870 490 2925 Porsena
516 2886 573 2923 non
599 2870 707 2937 potuit:
743 2869 807 2924 Non
829 2875 887 2924 stat
911 2868 992 2924 aliter
1015 2884 1127 2933 versus,
1152 2870 1193 2925 ita
1216 2871 1288 2925 enim
1312 2880 1363 2937 est,

231 2969 312 3011 urere
339 2970 423 3024 quam
447 2955 541 3022 potuit
564 2955 674 3010 lluoius
699 2960 833 3011 contento
855 2954 929 3009 hano
954 2962 1084 3022 spectare
1109 2971 1220 3010 manum
1238 2956 1364 3012 Porsena

231 3056 289 3096 non
307 3042 408 3109 potuit.

300 3125 376 3182 Serv.
395 3126 478 3195 Verg.
491 3126 525 3181 Α.
540 3126 607 3182 VIII
627 3129 676 3179 616
694 3126 820 3182 Porsena
837 3142 923 3181 unum
941 3141 960 3179 n
978 3126 1058 3181 addit
1076 3126 1156 3181 metri
1175 3143 1270 3189 eausa,
1288 3131 1363 3183 unde

231 3219 261 3267 et
284 3212 475 3281 paenultimae
497 3213 581 3268 datus
606 3220 741 3268 noeentus
766 3217 817 3268 est.
847 3212 918 3266 Nam
936 3210 1061 3266 Porsena
1085 3212 1179 3268 dietus
1198 3219 1248 3268 est.
1290 3213 1364 3268 Ilar-

232 3298 322 3354 tialis:
345 3298 433 3361 ‚Hane
450 3329 485 3336 -
502 3298 611 3366 potuit?

300 3457 325 3506 2.
346 3455 459 3506 boletos:
489 3452 767 3516 Kaisersohw'smme,
789 3453 885 3507 immor
903 3468 938 3507 un
956 3452 1012 3507 den
1030 3451 1125 3507 teinen
1143 3450 1295 3506 Sohlisselu
1313 3467 1364 3521 ge-

231 3538 354 3593 reehnet.
373 3537 535 3608 Marquardt
552 3536 608 3591 Prl.
626 3541 684 3602 315,
703 3541 727 3590 1.

304 3622 460 3677 Caeciliam.
494 3623 557 3678 Den
580 3622 688 3677 Nomen
712 3624 831 3680 brauoht
854 3624 890 3678 ll.
917 3621 972 3676 VII
992 3624 1037 3686 59,
1062 3637 1109 3675 um
1132 3621 1178 3676 die
1203 3623 1363 3677 verwsndte

232 3708 344 3764 Unsitte
363 3709 413 3762 der
431 3709 572 3779 aeneos-sie
591 3724 626 3762 uu
644 3711 740 3776 rdgen,
758 3709 817 3764 und
835 3709 864 3762 II
882 3711 914 3761 31
940 3723 996 3762 von
1014 3707 1103 3762 elnem
1122 3705 1222 3771 Gesta,
1242 3707 1291 3762 der
1309 3708 1364 3762 alle

232 3792 454 3863 aufgetragenen
473 3791 591 3861 Spelaen
609 3792 654 3848 fllr
672 3794 734 3850 sieh
753 3793 896 3862 elnpaokt.

301 3882 324 3933 3.
343 3881 391 3950 ool
413 3905 422 3931 .·
453 3879 605 3948 PressgIer,
625 3877 829 3944 Schlemmerei
848 3881 901 3935 wie
924 3878 950 3934 V
968 3882 1010 3943 50,
1030 3880 1046 3930 6
1064 3877 1091 3933 V
1104 3881 1144 3941 70,
1163 3880 1178 3929 5
1196 3877 1252 3933 VII
1273 3880 1312 3942 15,
1333 3880 1363 3930 18

232 3964 274 4019 XI
294 3966 369 4028 86,6
399 3965 524 4028 1111161,
543 3967 558 4016 2
577 3964 647 4018 XIII
666 3969 707 4029 85,
726 3967 751 4020 2.
783 3965 920 4036 Dagegen
939 3963 1116 4020 Gesohmaek
1133 3962 1173 4017 VI
1193 3966 1232 4027 11,
1251 3969 1266 4011 5
1296 3962 1364 4017 XIV

232 4053 290 4114 rso,
309 4051 333 4102 2.

302 4139 326 4186 1.
352 4135 479 4190 casdim
496 4135 593 4190 warde
611 4135 662 4190 mit
679 4135 781 4197 boleti,
803 4137 907 4191 seinem
931 4134 1201 4205 Ltoblingsgencht,
1220 4132 1361 4204 vergiitet.

233 4219 312 4276 Suet.
334 4220 481 4275 Claud-o.
502 4223 544 4273 41.

302 4306 380 4360 XXI
411 4306 561 4362 Entweder
579 4305 631 4361 aui
646 4307 692 4361 ein
710 4306 774 4361 Bild
793 4307 862 4362 oder
880 4305 1131 4362 wieV11130und
1148 4306 1221 4360 X25
1239 4303 1292 4359 aui
1301 4304 1363 4359 eine
