2978 4988
120 281 123 285 ·
223 329 284 393 362
630 323 664 378 II.
683 322 789 378 Valerii
806 321 943 378 Martialis

351 497 482 575 Tereos,
508 502 564 560 aut
586 514 707 572 eonem,
732 494 830 560 orude
853 492 1008 577 Thyesta,
1031 499 1132 572 tuam,

266 618 282 672 5
306 610 372 673 Aut
393 626 492 692 puero
515 605 657 689 liquIdas
680 613 844 690 aptantem
867 603 1038 670 Daedalon
1060 603 1141 675 alas,

349 719 539 783 Pascentem
562 717 689 783 Siculas
712 724 768 782 aut
790 715 1012 801 Polyphemon
1035 733 1123 780 oves.

306 832 335 894 A
356 830 474 894 nostris
496 829 607 913 prooul
631 835 680 893 est
702 827 805 893 omnis
827 827 938 892 vesioa
959 825 1089 906 libellis,

350 941 443 1006 Musa
465 959 525 1005 neo
545 941 660 1004 insano
683 944 825 1023 syrmate
846 943 957 1002 nostra
979 942 1088 1002 tumet.

307 1051 384 1118 »Illa
406 1059 513 1117 tamen
536 1049 673 1116 laudant
694 1068 814 1127 omnes,
836 1049 1004 1129 mirantur,
1029 1046 1193 1113 adorant«

247 1173 282 1226 10
349 1161 521 1229 Confiteor:
547 1161 682 1226 laudant
704 1161 772 1241 illa,
796 1159 855 1226 sed
876 1160 941 1225 lsta
963 1159 1085 1243 legunt.

739 1297 777 1362 L.

307 1408 393 1488 Quid
414 1429 474 1488 me,
499 1409 591 1487 Thai,
617 1427 726 1474 senem
748 1405 886 1472 subinde
909 1406 1010 1471 diois‘l
1098 1438 1107 1459 ι

306 1522 408 1586 Nemo
431 1529 489 1598 est,
514 1519 609 1601 Thai,
634 1538 734 1585 senex
757 1517 799 1584 ad
821 1516 1050 1583 irrumandum.

761 1655 812 1719 LI.

306 1770 385 1835 Cum
409 1768 467 1833 tibi
490 1788 552 1833 non
576 1774 684 1834 essent
707 1786 765 1833 sex
788 1767 887 1848 milia,
914 1766 1108 1846 Caeciliano,

349 1879 476 1963 Ingenti
499 1879 565 1944 late
587 1886 697 1944 veotus
722 1898 756 1944 es
779 1877 981 1961 hexaphoro;

306 1993 480 2073 Postquam
503 1990 553 2056 bis
575 1989 683 2056 deoies
705 1989 816 2054 tribuit
838 1988 901 2055 dea
923 2007 1020 2053 oaeoa
1043 1990 1212 2071 sinumque

348 2104 514 2186 Ruperunt
536 2103 667 2181 nummi,
690 2101 795 2166 faetus
818 2119 863 2177 es,
888 2118 970 2177 eoae,
995 2098 1107 2183 pedes.

265 2223 281 2277 5
305 2212 392 2292 Quid
414 2212 473 2278 tibi
496 2212 698 2296 promeritis
721 2218 753 2276 et
775 2211 873 2278 tantis
896 2211 1047 2276 laudibus
1071 2215 1198 2295 optensi

348 2325 390 2388 Di
412 2323 550 2389 reddant
573 2323 699 2405 sellam,
725 2322 920 2400 Caeciliane,
943 2322 1013 2386 tibi.

748 2460 816 2524 LII.

306 2574 435 2638 Gestari
459 2572 574 2636 lunatis
598 2572 659 2635 ulsi
683 2570 816 2649 desinis,
841 2569 978 2653 Hedyle,
1002 2569 1118 2653 tupris,
1181 2596 1184 2601 ·

348 2681 410 2761 Qui
432 2682 527 2747 modo
549 2681 629 2748 licus
651 2701 733 2762 eras,
758 2682 821 2746 iam
845 2679 1015 2765 caprificus
1038 2680 1110 2746 eris.

741 2819 825 2883 LIII.

306 2931 407 3008 Hune,
431 2950 527 3012 quern
550 2948 648 3012 saepe
671 2928 763 2994 vides
785 2931 871 2995 intra
892 2930 1073 3013 penetralia
1095 2937 1224 2994 nostrae

347 3039 501 3107 Pallados
525 3048 558 3106 et
579 3040 692 3125 templi
714 3040 835 3119 limina,
859 3040 982 3119 cosme,
1008 3041 1082 3107 novi

287 3184 311 3233 4.
346 3178 467 3249 Thyesti.
498 3178 576 3233 Neue
594 3177 732 3232 Formenl.
751 3177 825 3231 141.

287 3269 311 3320 5.
343 3265 490 3318 Daedalon.
532 3267 555 3318 b.
589 3264 774 3333 Polyphemon.
805 3263 1076 3318 Ders.das.1129.

287 3354 310 3404 7.
341 3350 434 3403 vesica.
472 3347 652 3404 Gesehwulst
675 3348 747 3403 Plln
771 3349 803 3403 N.
829 3349 856 3403 h.
883 3348 936 3402 XX
962 3351 991 3402 51
1020 3349 1179 3418 attritIsque
1204 3365 1353 3418 corporum

220 3436 357 3505 partibus,
376 3434 422 3489 vel
441 3434 465 3488 si
483 3434 512 3486 in
530 3433 640 3490 vesicas
659 3434 848 3489 intumuerint.
880 3432 1022 3490 Sehwnlst
1039 3434 1094 3489 wol
1112 3450 1164 3489 nur
1182 3434 1250 3489 hier.

287 3524 311 3572 8.
332 3524 455 3590 ayrnmb.
473 3518 537 3588 Vgl.
551 3520 606 3574 IIII
617 3523 689 3585 94,4.
715 3520 774 3575 Das
792 3519 997 3588 Sehleppkleid
1015 3520 1065 3575 der
1083 3520 1245 3590 tragIsoben
1262 3519 1350 3576 leuse.

287 3606 331 3660 LI.
362 3605 402 3660 Zu
420 3605 433 3659 I
451 3608 494 3658 99.

287 3691 338 3746 LII
357 3693 382 3744 2.
395 3695 471 3761 fieus
486 3690 612 3746 offenbar
624 3689 669 3746 llir
680 3690 786 3747 ficosus
802 3698 883 3761 (gans
895 3691 1002 3760 Feige).
1017 3690 1191 3746 Aebnlielrer
1204 3693 1352 3747 Wortwitu

218 3777 260 3831 Ill
278 3780 320 3841 bl,
344 3779 384 3832 ib.

286 3862 362 3918 LIII.
392 3862 594 3930 Lucilianae
612 3860 729 3918 Anthol.
742 3861 788 3917 Gr.
808 3862 852 3917 ed.
864 3861 972 3917 Jaeobs
990 3861 1033 3916 III
1051 3878 1078 3931 p.
1092 3866 1123 3914 35
1144 3862 1185 3928 lT.
1199 3862 1226 3916 II
1246 3866 1351 3929 p.323):
1379 3850 1380 3853 ¹

423 3945 498 4002 Εἶναι
516 3949 563 4018 μὲν
582 3945 693 4002 Κυνικόν
711 3965 747 4012 σε,
768 3944 936 4018 Muellerum,
955 3946 1139 4018 κάνυπόδητον,

458 4029 511 4087 Καὶ
530 4033 623 4106 ῥιγοῦν,
644 4033 725 4094 οὐδεὶς
742 4032 867 4106 ἀντιλέγει
883 4031 1008 4086 aabeloa.

420 4111 469 4173 Ἂν
487 4119 516 4173 δὲ
534 4119 699 4193 παραρπάὶῃς
718 4119 810 4190 ἄρτους
826 4119 871 4173 aul
883 4115 1005 4188 aldenar'
1026 4117 1144 4182 ἀναιδῶς,

458 4201 538 4277 Kal-(sb
557 4204 650 4274 ῥάβδον
669 4206 731 4276 ἔχω,
751 4203 794 4257 ml
812 4222 838 4257 σε
856 4204 959 4276 λέγουσι
975 4204 1048 4258 aban.

289 4291 311 4342 1.
332 4291 356 4343 2.
383 4290 536 4359 penetralia
560 4295 665 4344 nostroe
691 4291 822 4344 Pallados.
861 4290 982 4346 Nostrae
1005 4290 1048 4346 als
1072 4289 1276 4347 Besolriltzerin
1300 4293 1351 4348 des
