<?xml version="1.0" encoding="UTF-8"?>
<!DOCTYPE html PUBLIC "-//W3C//DTD XHTML 1.0 Transitional//EN"
    "http://www.w3.org/TR/xhtml1/DTD/xhtml1-transitional.dtd">
<html xmlns="http://www.w3.org/1999/xhtml" xml:lang="en" lang="en">
 <head>
  <title>
</title>
<meta http-equiv="Content-Type" content="text/html;charset=utf-8" />
  <meta name='ocr-system' content='tesseract 3.04.00' />
  <meta name='ocr-capabilities' content='ocr_page ocr_carea ocr_par ocr_line ocrx_word'/>
</head>
<body>
  <div class='ocr_page' id='page_1' title='image "./mvaleriimartial00friegoog/mvaleriimartial00friegoog_0272.png"; bbox 0 0 2978 4988; ppageno 0'>
   <div class='ocr_carea' id='block_1_1' title="bbox 391 345 1291 417">
    <p class='ocr_par' dir='ltr' id='par_1_1' title="bbox 391 345 1291 417">
     <span class='ocr_line' id='line_1_1' title="bbox 391 345 1291 417; baseline 0.003 -16"><span class='ocrx_word' id='word_1_1' title='bbox 391 346 623 417; x_wconf 75' lang='lat' dir='ltr'><strong>Epigrammaton</strong></span> <span class='ocrx_word' id='word_1_2' title='bbox 640 345 724 402; x_wconf 89' lang='lat' dir='ltr'><strong>Liber</strong></span> <span class='ocrx_word' id='word_1_3' title='bbox 742 346 771 400; x_wconf 90' lang='lat'><strong>11</strong></span> <span class='ocrx_word' id='word_1_4' title='bbox 790 345 827 412; x_wconf 77' lang='lat' dir='ltr'><strong>(in</strong></span> <span class='ocrx_word' id='word_1_5' title='bbox 845 347 901 401; x_wconf 88' lang='lat' dir='ltr'><strong>den</strong></span> <span class='ocrx_word' id='word_1_6' title='bbox 918 346 944 401; x_wconf 87' lang='lat' dir='ltr'><strong>J.</strong></span> <span class='ocrx_word' id='word_1_7' title='bbox 964 346 1062 414; x_wconf 69' lang='lat' dir='ltr'><strong>selsel.</strong></span> <span class='ocrx_word' id='word_1_8' title='bbox 1230 350 1291 413; x_wconf 75' lang='lat'><strong>263</strong></span> 
     </span>
    </p>
   </div>
   <div class='ocr_carea' id='block_1_2' title="bbox 186 516 1185 820">
    <p class='ocr_par' dir='ltr' id='par_1_2' title="bbox 186 516 1185 820">
     <span class='ocr_line' id='line_1_2' title="bbox 286 516 1003 602; baseline 0.001 -21"><span class='ocrx_word' id='word_1_9' title='bbox 286 517 348 581; x_wconf 92' lang='lat' dir='ltr'><strong>Pro</strong></span> <span class='ocrx_word' id='word_1_10' title='bbox 371 519 488 583; x_wconf 87' lang='lat' dir='ltr'><strong>scelus!</strong></span> <span class='ocrx_word' id='word_1_11' title='bbox 519 524 551 584; x_wconf 87' lang='lat' dir='ltr'><strong>et</strong></span> <span class='ocrx_word' id='word_1_12' title='bbox 572 518 684 582; x_wconf 84' lang='lat' dir='ltr'><strong>lateris</strong></span> <span class='ocrx_word' id='word_1_13' title='bbox 706 516 827 602; x_wconf 82' lang='lat' dir='ltr'>frigora</span> <span class='ocrx_word' id='word_1_14' title='bbox 847 519 924 584; x_wconf 84' lang='lat' dir='ltr'><strong>trita</strong></span> <span class='ocrx_word' id='word_1_15' title='bbox 945 519 1003 584; x_wconf 90' lang='lat' dir='ltr'><strong>tui.</strong></span> 
     </span>
     <span class='ocr_line' id='line_1_3' title="bbox 243 627 1185 713; baseline 0.001 -19"><span class='ocrx_word' id='word_1_16' title='bbox 243 628 405 707; x_wconf 79' lang='lat' dir='ltr'><strong>Quantum</strong></span> <span class='ocrx_word' id='word_1_17' title='bbox 429 636 507 708; x_wconf 87' lang='lat' dir='ltr'><strong>erat,</strong></span> <span class='ocrx_word' id='word_1_18' title='bbox 531 628 657 704; x_wconf 80' lang='lat' dir='ltr'><strong>infelix,</strong></span> <span class='ocrx_word' id='word_1_19' title='bbox 682 629 798 713; x_wconf 90' lang='lat' dir='ltr'><strong>pannis</strong></span> <span class='ocrx_word' id='word_1_20' title='bbox 820 628 973 694; x_wconf 85' lang='lat' dir='ltr'><strong>fraudare</strong></span> <span class='ocrx_word' id='word_1_21' title='bbox 994 627 1121 695; x_wconf 89' lang='lat' dir='ltr'><strong>duobus</strong></span> <span class='ocrx_word' id='word_1_22' title='bbox 1143 667 1185 677; x_wconf 88' lang='lat'>-</span> 
     </span>
     <span class='ocr_line' id='line_1_4' title="bbox 186 739 1150 820; baseline 0.002 -18"><span class='ocrx_word' id='word_1_23' title='bbox 186 748 220 803; x_wconf 83' lang='lat' dir='ltr'><strong>to</strong></span> <span class='ocrx_word' id='word_1_24' title='bbox 288 739 374 818; x_wconf 79' lang='lat' dir='ltr'><strong>Quid</strong></span> <span class='ocrx_word' id='word_1_25' title='bbox 395 739 525 806; x_wconf 80' lang='lat' dir='ltr'><strong>renuisi</strong></span> <span class='ocrx_word' id='word_1_26' title='bbox 545 777 589 787; x_wconf 89' lang='lat'>-</span> <span class='ocrx_word' id='word_1_27' title='bbox 610 758 675 804; x_wconf 91' lang='lat' dir='ltr'><strong>non</strong></span> <span class='ocrx_word' id='word_1_28' title='bbox 696 746 741 820; x_wconf 86' lang='lat' dir='ltr'><strong>te,</strong></span> <span class='ocrx_word' id='word_1_29' title='bbox 765 740 920 820; x_wconf 88' lang='lat' dir='ltr'><strong>Naovolo,</strong></span> <span class='ocrx_word' id='word_1_30' title='bbox 944 739 1002 806; x_wconf 90' lang='lat' dir='ltr'><strong>sed</strong></span> <span class='ocrx_word' id='word_1_31' title='bbox 1024 741 1150 807; x_wconf 81' lang='lat' dir='ltr'><strong>tineosi</strong></span> 
     </span>
    </p>
   </div>
   <div class='ocr_carea' id='block_1_3' title="bbox 653 902 786 968">
    <p class='ocr_par' dir='ltr' id='par_1_3' title="bbox 653 902 786 968">
     <span class='ocr_line' id='line_1_5' title="bbox 653 902 786 968; baseline 0.015 -2"><span class='ocrx_word' id='word_1_32' title='bbox 653 902 786 968; x_wconf 89' lang='lat' dir='ltr'>XLVII.</span> 
     </span>
    </p>
   </div>
   <div class='ocr_carea' id='block_1_4' title="bbox 244 1028 1149 1442">
    <p class='ocr_par' dir='ltr' id='par_1_4' title="bbox 245 1028 1149 1225">
     <span class='ocr_line' id='line_1_6' title="bbox 245 1028 1149 1114; baseline 0.002 -19"><span class='ocrx_word' id='word_1_33' title='bbox 245 1028 389 1095; x_wconf 87' lang='lat' dir='ltr'><strong>Subdola</strong></span> <span class='ocrx_word' id='word_1_34' title='bbox 410 1029 555 1096; x_wconf 78' lang='lat' dir='ltr'><strong>famosae</strong></span> <span class='ocrx_word' id='word_1_35' title='bbox 576 1050 690 1096; x_wconf 91' lang='lat' dir='ltr'><strong>moneo</strong></span> <span class='ocrx_word' id='word_1_36' title='bbox 713 1029 791 1114; x_wconf 83' lang='lat' dir='ltr'><strong>fugo</strong></span> <span class='ocrx_word' id='word_1_37' title='bbox 813 1031 896 1096; x_wconf 89' lang='lat' dir='ltr'><strong>retia</strong></span> <span class='ocrx_word' id='word_1_38' title='bbox 917 1032 1078 1111; x_wconf 80' lang='lat' dir='ltr'><strong>moechae,</strong></span> <span class='ocrx_word' id='word_1_39' title='bbox 1131 1052 1149 1097; x_wconf 87' lang='lat' dir='ltr'><strong>o</strong></span> 
     </span>
     <span class='ocr_line' id='line_1_7' title="bbox 285 1141 977 1225; baseline 0.003 -18"><span class='ocrx_word' id='word_1_40' title='bbox 285 1141 403 1207; x_wconf 85' lang='lat' dir='ltr'><strong>Levior</strong></span> <span class='ocrx_word' id='word_1_41' title='bbox 424 1161 442 1206; x_wconf 99' lang='lat' dir='ltr'><strong>o</strong></span> <span class='ocrx_word' id='word_1_42' title='bbox 464 1141 605 1222; x_wconf 77' lang='lat' dir='ltr'><strong>conchis,</strong></span> <span class='ocrx_word' id='word_1_43' title='bbox 631 1141 738 1224; x_wconf 81' lang='lat' dir='ltr'><strong>Galle,</strong></span> <span class='ocrx_word' id='word_1_44' title='bbox 763 1141 977 1225; x_wconf 79' lang='lat' dir='ltr'><strong>Cytheriacis.</strong></span> 
     </span>
    </p>

    <p class='ocr_par' dir='ltr' id='par_1_5' title="bbox 244 1251 1059 1442">
     <span class='ocr_line' id='line_1_8' title="bbox 244 1251 1044 1337; baseline -0.001 -19"><span class='ocrx_word' id='word_1_45' title='bbox 244 1251 386 1319; x_wconf 83' lang='lat' dir='ltr'><strong>Confidis</strong></span> <span class='ocrx_word' id='word_1_46' title='bbox 408 1253 558 1319; x_wconf 68' lang='lat' dir='ltr'><strong>natibus?</strong></span> <span class='ocrx_word' id='word_1_47' title='bbox 579 1272 643 1318; x_wconf 92' lang='lat' dir='ltr'><strong>non</strong></span> <span class='ocrx_word' id='word_1_48' title='bbox 666 1260 716 1318; x_wconf 92' lang='lat' dir='ltr'><strong>est</strong></span> <span class='ocrx_word' id='word_1_49' title='bbox 737 1251 874 1337; x_wconf 85' lang='lat' dir='ltr'><strong>paedico</strong></span> <span class='ocrx_word' id='word_1_50' title='bbox 896 1255 1044 1321; x_wconf 88' lang='lat' dir='ltr'><strong>maritus:</strong></span> 
     </span>
     <span class='ocr_line' id='line_1_9' title="bbox 285 1362 1059 1442; baseline 0.001 -13"><span class='ocrx_word' id='word_1_51' title='bbox 285 1362 378 1442; x_wconf 82' lang='lat' dir='ltr'><strong>Quae</strong></span> <span class='ocrx_word' id='word_1_52' title='bbox 399 1364 499 1432; x_wconf 90' lang='lat' dir='ltr'><strong>faciat</strong></span> <span class='ocrx_word' id='word_1_53' title='bbox 520 1362 584 1430; x_wconf 89' lang='lat' dir='ltr'><strong>duo</strong></span> <span class='ocrx_word' id='word_1_54' title='bbox 607 1371 695 1429; x_wconf 89' lang='lat' dir='ltr'><strong>sunt:</strong></span> <span class='ocrx_word' id='word_1_55' title='bbox 719 1365 854 1431; x_wconf 87' lang='lat' dir='ltr'><strong>irrumat</strong></span> <span class='ocrx_word' id='word_1_56' title='bbox 876 1372 932 1432; x_wconf 88' lang='lat' dir='ltr'><strong>aut</strong></span> <span class='ocrx_word' id='word_1_57' title='bbox 954 1364 1059 1433; x_wconf 88' lang='lat' dir='ltr'><strong>futuit.</strong></span> 
     </span>
    </p>
   </div>
   <div class='ocr_carea' id='block_1_5' title="bbox 647 1518 797 1584">
    <p class='ocr_par' dir='ltr' id='par_1_6' title="bbox 647 1518 797 1584">
     <span class='ocr_line' id='line_1_10' title="bbox 647 1518 797 1584; baseline 0 -1"><span class='ocrx_word' id='word_1_58' title='bbox 647 1518 797 1584; x_wconf 87' lang='lat' dir='ltr'>XLVHI.</span> 
     </span>
    </p>
   </div>
   <div class='ocr_carea' id='block_1_6' title="bbox 203 1629 971 2475">
    <p class='ocr_par' dir='ltr' id='par_1_7' title="bbox 244 1629 899 2031">
     <span class='ocr_line' id='line_1_11' title="bbox 246 1629 867 1714; baseline 0 -18"><span class='ocrx_word' id='word_1_59' title='bbox 246 1629 409 1714; x_wconf 83' lang='lat' dir='ltr'><strong>Coponem</strong></span> <span class='ocrx_word' id='word_1_60' title='bbox 432 1629 619 1713; x_wconf 88' lang='lat' dir='ltr'><strong>laniumque</strong></span> <span class='ocrx_word' id='word_1_61' title='bbox 641 1630 867 1713; x_wconf 86' lang='lat' dir='ltr'><strong>balneumque,</strong></span> 
     </span>
     <span class='ocr_line' id='line_1_12' title="bbox 244 1740 879 1825; baseline 0.005 -20"><span class='ocrx_word' id='word_1_62' title='bbox 244 1742 420 1807; x_wconf 82' lang='lat' dir='ltr'><strong>Tonsorem</strong></span> <span class='ocrx_word' id='word_1_63' title='bbox 442 1740 652 1824; x_wconf 88' lang='lat' dir='ltr'><strong>tabulamque</strong></span> <span class='ocrx_word' id='word_1_64' title='bbox 674 1742 879 1825; x_wconf 89' lang='lat' dir='ltr'><strong>calculosque</strong></span> 
     </span>
     <span class='ocr_line' id='line_1_13' title="bbox 244 1851 899 1937; baseline -0.002 -20"><span class='ocrx_word' id='word_1_65' title='bbox 244 1852 285 1920; x_wconf 81' lang='lat' dir='ltr'><strong>nt</strong></span> <span class='ocrx_word' id='word_1_66' title='bbox 307 1870 438 1937; x_wconf 91' lang='lat' dir='ltr'><strong>paucos,</strong></span> <span class='ocrx_word' id='word_1_67' title='bbox 464 1851 523 1918; x_wconf 86' lang='lat' dir='ltr'><strong>sed</strong></span> <span class='ocrx_word' id='word_1_68' title='bbox 546 1859 582 1919; x_wconf 92' lang='lat' dir='ltr'><strong>ut</strong></span> <span class='ocrx_word' id='word_1_69' title='bbox 604 1854 735 1937; x_wconf 82' lang='lat' dir='ltr'><strong>eligam,</strong></span> <span class='ocrx_word' id='word_1_70' title='bbox 758 1854 899 1921; x_wconf 92' lang='lat' dir='ltr'><strong>libellos:</strong></span> 
     </span>
     <span class='ocr_line' id='line_1_14' title="bbox 244 1963 896 2031; baseline 0 -1"><span class='ocrx_word' id='word_1_71' title='bbox 244 1963 351 2030; x_wconf 90' lang='lat' dir='ltr'><strong>Unum</strong></span> <span class='ocrx_word' id='word_1_72' title='bbox 374 1983 438 2029; x_wconf 90' lang='lat' dir='ltr'><strong>non</strong></span> <span class='ocrx_word' id='word_1_73' title='bbox 460 1964 594 2029; x_wconf 92' lang='lat' dir='ltr'><strong>nimium</strong></span> <span class='ocrx_word' id='word_1_74' title='bbox 617 1963 729 2031; x_wconf 90' lang='lat' dir='ltr'><strong>rudem</strong></span> <span class='ocrx_word' id='word_1_75' title='bbox 753 1964 896 2031; x_wconf 89' lang='lat' dir='ltr'><strong>sodalem</strong></span> 
     </span>
    </p>

    <p class='ocr_par' dir='ltr' id='par_1_8' title="bbox 203 2072 971 2475">
     <span class='ocr_line' id='line_1_15' title="bbox 203 2072 888 2159; baseline 0.006 -24"><span class='ocrx_word' id='word_1_76' title='bbox 203 2082 219 2135; x_wconf 82' lang='lat'>5</span> <span class='ocrx_word' id='word_1_77' title='bbox 243 2074 284 2142; x_wconf 83' lang='lat' dir='ltr'><strong>Et</strong></span> <span class='ocrx_word' id='word_1_78' title='bbox 305 2072 461 2158; x_wconf 82' lang='lat' dir='ltr'><strong>grandem</strong></span> <span class='ocrx_word' id='word_1_79' title='bbox 484 2094 618 2159; x_wconf 90' lang='lat' dir='ltr'><strong>puerum</strong></span> <span class='ocrx_word' id='word_1_80' title='bbox 642 2074 761 2159; x_wconf 87' lang='lat' dir='ltr'><strong>diuque</strong></span> <span class='ocrx_word' id='word_1_81' title='bbox 783 2075 888 2141; x_wconf 91' lang='lat' dir='ltr'><strong>levem</strong></span> 
     </span>
     <span class='ocr_line' id='line_1_16' title="bbox 244 2185 808 2270; baseline -0.002 -20"><span class='ocrx_word' id='word_1_82' title='bbox 244 2185 285 2252; x_wconf 84' lang='lat' dir='ltr'><strong>llt</strong></span> <span class='ocrx_word' id='word_1_83' title='bbox 307 2205 414 2251; x_wconf 88' lang='lat' dir='ltr'><strong>caram</strong></span> <span class='ocrx_word' id='word_1_84' title='bbox 437 2205 537 2270; x_wconf 89' lang='lat' dir='ltr'><strong>puero</strong></span> <span class='ocrx_word' id='word_1_85' title='bbox 560 2205 631 2251; x_wconf 90' lang='lat' dir='ltr'><strong>meo</strong></span> <span class='ocrx_word' id='word_1_86' title='bbox 653 2187 808 2270; x_wconf 91' lang='lat' dir='ltr'><strong>puellam:</strong></span> 
     </span>
     <span class='ocr_line' id='line_1_17' title="bbox 243 2296 971 2382; baseline 0.003 -21"><span class='ocrx_word' id='word_1_87' title='bbox 243 2297 332 2362; x_wconf 87' lang='lat' dir='ltr'><strong>Haec</strong></span> <span class='ocrx_word' id='word_1_88' title='bbox 354 2305 486 2382; x_wconf 87' lang='lat' dir='ltr'><strong>praesta</strong></span> <span class='ocrx_word' id='word_1_89' title='bbox 507 2296 596 2370; x_wconf 90' lang='lat' dir='ltr'><strong>mihi,</strong></span> <span class='ocrx_word' id='word_1_90' title='bbox 619 2298 712 2378; x_wconf 91' lang='lat' dir='ltr'><strong>Rufe,</strong></span> <span class='ocrx_word' id='word_1_91' title='bbox 735 2299 788 2362; x_wconf 84' lang='lat' dir='ltr'><strong>vel</strong></span> <span class='ocrx_word' id='word_1_92' title='bbox 810 2297 971 2380; x_wconf 82' lang='lat' dir='ltr'><strong>Butuntis,</strong></span> 
     </span>
     <span class='ocr_line' id='line_1_18' title="bbox 242 2407 871 2475; baseline -0.003 -2"><span class='ocrx_word' id='word_1_93' title='bbox 242 2408 282 2474; x_wconf 78' lang='lat' dir='ltr'><strong>lit</strong></span> <span class='ocrx_word' id='word_1_94' title='bbox 304 2407 446 2475; x_wconf 88' lang='lat' dir='ltr'><strong>thermas</strong></span> <span class='ocrx_word' id='word_1_95' title='bbox 469 2409 528 2475; x_wconf 90' lang='lat' dir='ltr'><strong>tibi</strong></span> <span class='ocrx_word' id='word_1_96' title='bbox 551 2408 636 2474; x_wconf 87' lang='lat' dir='ltr'><strong>habe</strong></span> <span class='ocrx_word' id='word_1_97' title='bbox 659 2409 871 2474; x_wconf 89' lang='lat' dir='ltr'><strong>Neronianas.</strong></span> 
     </span>
    </p>
   </div>
   <div class='ocr_carea' id='block_1_7' title="bbox 129 2577 1293 2738">
    <p class='ocr_par' dir='ltr' id='par_1_9' title="bbox 129 2577 1293 2738">
     <span class='ocr_line' id='line_1_19' title="bbox 258 2577 1293 2653; baseline 0.007 -21"><span class='ocrx_word' id='word_1_98' title='bbox 258 2577 349 2633; x_wconf 84' lang='lat' dir='ltr'>XLVI</span> <span class='ocrx_word' id='word_1_99' title='bbox 368 2580 394 2632; x_wconf 84' lang='lat'><strong>8.</strong></span> <span class='ocrx_word' id='word_1_100' title='bbox 418 2579 460 2634; x_wconf 87' lang='lat' dir='ltr'><strong>tui</strong></span> <span class='ocrx_word' id='word_1_101' title='bbox 478 2577 550 2633; x_wconf 82' lang='lat' dir='ltr'><strong>Frdl</strong></span> <span class='ocrx_word' id='word_1_102' title='bbox 577 2580 659 2635; x_wconf 89' lang='lat' dir='ltr'><strong>times</strong></span> <span class='ocrx_word' id='word_1_103' title='bbox 674 2585 771 2646; x_wconf 75' lang='lat' dir='ltr'><strong>(tumes</strong></span> <span class='ocrx_word' id='word_1_104' title='bbox 784 2583 856 2650; x_wconf 77' lang='lat' dir='ltr'><strong>pro)</strong></span> <span class='ocrx_word' id='word_1_105' title='bbox 875 2581 947 2634; x_wconf 84' lang='lat' dir='ltr'><strong>codd.</strong></span> <span class='ocrx_word' id='word_1_106' title='bbox 962 2582 1031 2635; x_wconf 79' lang='lat' dir='ltr'><strong>Sela</strong></span> <span class='ocrx_word' id='word_1_107' title='bbox 1054 2582 1108 2638; x_wconf 91' lang='lat' dir='ltr'><strong>mei</strong></span> <span class='ocrx_word' id='word_1_108' title='bbox 1120 2584 1169 2637; x_wconf 77' lang='lat' dir='ltr'><strong>Ser</strong></span> <span class='ocrx_word' id='word_1_109' title='bbox 1187 2582 1293 2653; x_wconf 77' lang='lat' dir='ltr'><strong>frigora</strong></span> 
     </span>
     <span class='ocr_line' id='line_1_20' title="bbox 129 2664 1292 2738; baseline 0.007 -21"><span class='ocrx_word' id='word_1_110' title='bbox 129 2692 132 2698; x_wconf 93' lang='lat'>·</span> <span class='ocrx_word' id='word_1_111' title='bbox 157 2668 236 2718; x_wconf 80' lang='lat' dir='ltr'><strong>tanta</strong></span> <span class='ocrx_word' id='word_1_112' title='bbox 251 2664 333 2719; x_wconf 79' lang='lat' dir='ltr'><strong>times</strong></span> <span class='ocrx_word' id='word_1_113' title='bbox 349 2664 427 2718; x_wconf 67' lang='lat' dir='ltr'><strong>(iisse</strong></span> <span class='ocrx_word' id='word_1_114' title='bbox 440 2666 536 2735; x_wconf 71' lang='lat' dir='ltr'><strong>Ptoqr.</strong></span> <span class='ocrx_word' id='word_1_115' title='bbox 550 2666 573 2720; x_wconf 78' lang='lat' dir='ltr'><strong>d.</strong></span> <span class='ocrx_word' id='word_1_116' title='bbox 589 2667 684 2736; x_wconf 60' lang='lat' dir='ltr'><strong>Reae.</strong></span> <span class='ocrx_word' id='word_1_117' title='bbox 701 2667 841 2721; x_wconf 77' lang='lat' dir='ltr'><strong>stotann</strong></span> <span class='ocrx_word' id='word_1_118' title='bbox 853 2667 961 2738; x_wconf 74' lang='lat' dir='ltr'><strong>Daroaa&#39;q</strong></span> <span class='ocrx_word' id='word_1_119' title='bbox 980 2675 1046 2723; x_wconf 82' lang='grc'><strong>1885</strong></span> <span class='ocrx_word' id='word_1_120' title='bbox 1054 2686 1084 2737; x_wconf 81' lang='lat' dir='ltr'><strong>p.</strong></span> <span class='ocrx_word' id='word_1_121' title='bbox 1097 2677 1122 2723; x_wconf 87' lang='lat'><strong>8.</strong></span> <span class='ocrx_word' id='word_1_122' title='bbox 1161 2671 1199 2724; x_wconf 81' lang='lat' dir='ltr'><strong>to.</strong></span> <span class='ocrx_word' id='word_1_123' title='bbox 1219 2668 1292 2736; x_wconf 79' lang='lat' dir='ltr'><strong>Quid</strong></span> 
     </span>
    </p>
   </div>
   <div class='ocr_carea' id='block_1_8' title="bbox 156 2749 1293 2900">
    <p class='ocr_par' dir='ltr' id='par_1_10' title="bbox 156 2749 1293 2900">
     <span class='ocr_line' id='line_1_21' title="bbox 156 2749 1293 2900; baseline 0.005 -98"><span class='ocrx_word' id='word_1_124' title='bbox 156 2749 268 2900; x_wconf 52' lang='lat' dir='ltr'><strong>231qu</strong></span> <span class='ocrx_word' id='word_1_125' title='bbox 299 2751 495 2890; x_wconf 48' lang='lat' dir='ltr'><strong>iluszYFGO</strong></span> <span class='ocrx_word' id='word_1_126' title='bbox 517 2752 567 2805; x_wconf 81' lang='lat' dir='ltr'><strong>Ser</strong></span> <span class='ocrx_word' id='word_1_127' title='bbox 608 2750 689 2818; x_wconf 79' lang='lat' dir='ltr'><strong>Quod</strong></span> <span class='ocrx_word' id='word_1_128' title='bbox 712 2753 806 2809; x_wconf 87' lang='lat' dir='ltr'><strong>renuis</strong></span> <span class='ocrx_word' id='word_1_129' title='bbox 831 2753 915 2807; x_wconf 83' lang='grc' dir='ltr'><strong>ΕΑΒ</strong></span> <span class='ocrx_word' id='word_1_130' title='bbox 950 2752 1023 2820; x_wconf 82' lang='lat' dir='ltr'><strong>Quid</strong></span> <span class='ocrx_word' id='word_1_131' title='bbox 1047 2753 1149 2810; x_wconf 85' lang='lat' dir='ltr'><strong>metuis</strong></span> <span class='ocrx_word' id='word_1_132' title='bbox 1178 2757 1204 2809; x_wconf 84' lang='grc' dir='ltr'><em>Τ</em></span> <span class='ocrx_word' id='word_1_133' title='bbox 1223 2757 1293 2810; x_wconf 74' lang='lat' dir='ltr'><strong>Scin</strong></span> 
     </span>
     <span class='ocr_line' id='line_1_22' title="bbox 200 2841 408 2891; baseline 0.005 -2"><span class='ocrx_word' id='word_1_134' title='bbox 200 2851 217 2889; x_wconf 94' lang='lat' dir='ltr'><strong>o</strong></span> <span class='ocrx_word' id='word_1_135' title='bbox 256 2841 312 2890; x_wconf 89' lang='lat' dir='ltr'><strong>met</strong></span> <span class='ocrx_word' id='word_1_136' title='bbox 344 2851 358 2891; x_wconf 90' lang='lat' dir='ltr'><strong>s</strong></span> <span class='ocrx_word' id='word_1_137' title='bbox 401 2877 408 2890; x_wconf 86' lang='lat'><strong>.</strong></span> 
     </span>
    </p>
   </div>
   <div class='ocr_carea' id='block_1_9' title="bbox 156 2934 1290 3113">
    <p class='ocr_par' dir='ltr' id='par_1_11' title="bbox 156 2934 1290 3113">
     <span class='ocr_line' id='line_1_23' title="bbox 164 2934 1290 3043; baseline 0.007 -17"><span class='ocrx_word' id='word_1_138' title='bbox 164 2934 375 3027; x_wconf 50' lang='lat' dir='ltr'><strong>⁴‘&#39;&#39;ffvnr</strong></span> <span class='ocrx_word' id='word_1_139' title='bbox 394 2975 419 3027; x_wconf 81' lang='lat' dir='ltr'><strong>a.</strong></span> <span class='ocrx_word' id='word_1_140' title='bbox 457 2971 553 3028; x_wconf 72' lang='lat' dir='ltr'><strong>sinon.</strong></span> <span class='ocrx_word' id='word_1_141' title='bbox 572 2973 669 3043; x_wconf 75' lang='lat' dir='ltr'><strong>upon.</strong></span> <span class='ocrx_word' id='word_1_142' title='bbox 688 2972 719 3029; x_wconf 86' lang='lat' dir='ltr'><strong>o.</strong></span> <span class='ocrx_word' id='word_1_143' title='bbox 738 2978 779 3041; x_wconf 78' lang='lat' dir='ltr'><strong>aa,</strong></span> <span class='ocrx_word' id='word_1_144' title='bbox 798 2979 848 3027; x_wconf 74' lang='lat' dir='ltr'><strong>cos</strong></span> <span class='ocrx_word' id='word_1_145' title='bbox 871 2974 944 3030; x_wconf 73' lang='lat' dir='ltr'><strong>nanc</strong></span> <span class='ocrx_word' id='word_1_146' title='bbox 968 2976 1004 3031; x_wconf 77' lang='lat' dir='ltr'><strong>au</strong></span> <span class='ocrx_word' id='word_1_147' title='bbox 1028 2976 1132 3032; x_wconf 71' lang='lat' dir='ltr'><strong>barna</strong></span> <span class='ocrx_word' id='word_1_148' title='bbox 1156 2993 1215 3033; x_wconf 76' lang='lat' dir='ltr'><strong>non</strong></span> <span class='ocrx_word' id='word_1_149' title='bbox 1231 2977 1290 3034; x_wconf 78' lang='lat' dir='ltr'><strong>ne-</strong></span> 
     </span>
     <span class='ocr_line' id='line_1_24' title="bbox 156 3058 284 3113; baseline 0.016 -2"><span class='ocrx_word' id='word_1_150' title='bbox 156 3058 284 3113; x_wconf 89' lang='lat' dir='ltr'><strong>roniana.</strong></span> 
     </span>
    </p>
   </div>
   <div class='ocr_carea' id='block_1_10' title="bbox 155 3211 1293 4383">
    <p class='ocr_par' dir='ltr' id='par_1_12' title="bbox 156 3211 1293 3626">
     <span class='ocr_line' id='line_1_25' title="bbox 224 3211 1293 3283; baseline 0.01 -20"><span class='ocrx_word' id='word_1_151' title='bbox 224 3214 248 3263; x_wconf 77' lang='grc'><strong>8.</strong></span> <span class='ocrx_word' id='word_1_152' title='bbox 279 3211 371 3265; x_wconf 68' lang='grc' dir='ltr'><strong>ἱαιενιζι</strong></span> <span class='ocrx_word' id='word_1_153' title='bbox 387 3212 501 3283; x_wconf 70' lang='lat' dir='ltr'><strong>sriqora</strong></span> <span class='ocrx_word' id='word_1_154' title='bbox 524 3213 591 3267; x_wconf 78' lang='lat' dir='ltr'><strong>trita</strong></span> <span class='ocrx_word' id='word_1_155' title='bbox 614 3214 662 3267; x_wconf 80' lang='lat' dir='ltr'><strong>tui.</strong></span> <span class='ocrx_word' id='word_1_156' title='bbox 696 3214 815 3283; x_wconf 77' lang='lat' dir='ltr'><strong>Frigora</strong></span> <span class='ocrx_word' id='word_1_157' title='bbox 837 3214 904 3269; x_wconf 86' lang='lat' dir='ltr'><strong>trita</strong></span> <span class='ocrx_word' id='word_1_158' title='bbox 922 3213 968 3269; x_wconf 88' lang='lat' dir='ltr'><strong>die</strong></span> <span class='ocrx_word' id='word_1_159' title='bbox 987 3214 1187 3283; x_wconf 79' lang='lat' dir='ltr'><strong>abgeachabte,</strong></span> <span class='ocrx_word' id='word_1_160' title='bbox 1212 3216 1293 3274; x_wconf 88' lang='lat' dir='ltr'><strong>nieht</strong></span> 
     </span>
     <span class='ocr_line' id='line_1_26' title="bbox 157 3297 1292 3369; baseline 0.006 -19"><span class='ocrx_word' id='word_1_161' title='bbox 157 3297 314 3352; x_wconf 76' lang='lat' dir='ltr'><strong>wirmendo</strong></span> <span class='ocrx_word' id='word_1_162' title='bbox 326 3297 479 3368; x_wconf 79' lang='lat' dir='ltr'><strong>Kleidung.</strong></span> <span class='ocrx_word' id='word_1_163' title='bbox 511 3299 568 3353; x_wconf 78' lang='lat' dir='ltr'><strong>For</strong></span> <span class='ocrx_word' id='word_1_164' title='bbox 580 3301 632 3355; x_wconf 87' lang='lat' dir='ltr'><strong>das</strong></span> <span class='ocrx_word' id='word_1_165' title='bbox 645 3299 833 3363; x_wconf 80' lang='lat' dir='ltr'><strong>hberlieferte,</strong></span> <span class='ocrx_word' id='word_1_166' title='bbox 850 3298 1004 3369; x_wconf 85' lang='lat' dir='ltr'><strong>jedenfalls</strong></span> <span class='ocrx_word' id='word_1_167' title='bbox 1017 3300 1190 3356; x_wconf 87' lang='lat' dir='ltr'><strong>verdorbene</strong></span> <span class='ocrx_word' id='word_1_168' title='bbox 1203 3302 1292 3368; x_wconf 74' lang='lat' dir='ltr'><strong>umes,</strong></span> 
     </span>
     <span class='ocr_line' id='line_1_27' title="bbox 157 3382 1292 3453; baseline 0.006 -16"><span class='ocrx_word' id='word_1_169' title='bbox 157 3382 309 3446; x_wconf 84' lang='lat' dir='ltr'><strong>(vielleicht</strong></span> <span class='ocrx_word' id='word_1_170' title='bbox 328 3383 417 3439; x_wconf 85' lang='lat' dir='ltr'><strong>durch</strong></span> <span class='ocrx_word' id='word_1_171' title='bbox 442 3383 534 3439; x_wconf 86' lang='lat' dir='ltr'><strong>tineas</strong></span> <span class='ocrx_word' id='word_1_172' title='bbox 555 3391 590 3447; x_wconf 75' lang='lat' dir='ltr'><strong>tv.</strong></span> <span class='ocrx_word' id='word_1_173' title='bbox 614 3388 654 3449; x_wconf 82' lang='lat'><strong>10)</strong></span> <span class='ocrx_word' id='word_1_174' title='bbox 671 3385 837 3449; x_wconf 80' lang='lat' dir='ltr'><strong>veranlasstl</strong></span> <span class='ocrx_word' id='word_1_175' title='bbox 861 3385 971 3441; x_wconf 86' lang='lat' dir='ltr'><strong>sehrieb</strong></span> <span class='ocrx_word' id='word_1_176' title='bbox 991 3383 1102 3440; x_wconf 83' lang='lat' dir='ltr'><strong>Seriver</strong></span> <span class='ocrx_word' id='word_1_177' title='bbox 1119 3386 1188 3453; x_wconf 87' lang='lat' dir='ltr'><strong>mei;</strong></span> <span class='ocrx_word' id='word_1_178' title='bbox 1217 3387 1292 3444; x_wconf 86' lang='lat' dir='ltr'><strong>(loch</strong></span> 
     </span>
     <span class='ocr_line' id='line_1_28' title="bbox 157 3469 1293 3539; baseline 0.007 -17"><span class='ocrx_word' id='word_1_179' title='bbox 157 3469 228 3524; x_wconf 87' lang='lat' dir='ltr'><strong>eben</strong></span> <span class='ocrx_word' id='word_1_180' title='bbox 246 3485 278 3524; x_wconf 90' lang='lat' dir='ltr'><strong>so</strong></span> <span class='ocrx_word' id='word_1_181' title='bbox 291 3474 343 3539; x_wconf 77' lang='lat' dir='ltr'><strong>gut</strong></span> <span class='ocrx_word' id='word_1_182' title='bbox 354 3469 461 3524; x_wconf 87' lang='lat' dir='ltr'><strong>honute</strong></span> <span class='ocrx_word' id='word_1_183' title='bbox 473 3469 508 3524; x_wconf 82' lang='lat' dir='ltr'><strong>hl.</strong></span> <span class='ocrx_word' id='word_1_184' title='bbox 521 3471 563 3526; x_wconf 89' lang='lat' dir='ltr'><strong>tui</strong></span> <span class='ocrx_word' id='word_1_185' title='bbox 579 3471 735 3536; x_wconf 85' lang='lat' dir='ltr'><strong>schrelhen,</strong></span> <span class='ocrx_word' id='word_1_186' title='bbox 754 3471 846 3527; x_wconf 86' lang='lat' dir='ltr'><strong>wobei</strong></span> <span class='ocrx_word' id='word_1_187' title='bbox 857 3470 933 3527; x_wconf 84' lang='lat' dir='ltr'><strong>latus</strong></span> <span class='ocrx_word' id='word_1_188' title='bbox 945 3471 976 3526; x_wconf 89' lang='lat' dir='ltr'><strong>in</strong></span> <span class='ocrx_word' id='word_1_189' title='bbox 988 3472 1052 3527; x_wconf 89' lang='lat' dir='ltr'><strong>dem</strong></span> <span class='ocrx_word' id='word_1_190' title='bbox 1063 3469 1150 3528; x_wconf 88' lang='lat' dir='ltr'><strong>Sinne</strong></span> <span class='ocrx_word' id='word_1_191' title='bbox 1169 3488 1225 3528; x_wconf 86' lang='lat' dir='ltr'><strong>von</strong></span> <span class='ocrx_word' id='word_1_192' title='bbox 1237 3473 1293 3530; x_wconf 89' lang='lat' dir='ltr'><strong>Be·</strong></span> 
     </span>
     <span class='ocr_line' id='line_1_29' title="bbox 156 3554 1120 3626; baseline 0.003 -18"><span class='ocrx_word' id='word_1_193' title='bbox 156 3554 257 3623; x_wconf 76' lang='lat' dir='ltr'><strong>gleiter</strong></span> <span class='ocrx_word' id='word_1_194' title='bbox 276 3571 311 3610; x_wconf 84' lang='lat' dir='ltr'><strong>au</strong></span> <span class='ocrx_word' id='word_1_195' title='bbox 329 3555 479 3611; x_wconf 85' lang='lat' dir='ltr'><strong>verstehen</strong></span> <span class='ocrx_word' id='word_1_196' title='bbox 497 3558 543 3622; x_wconf 84' lang='lat' dir='ltr'><strong>ist,</strong></span> <span class='ocrx_word' id='word_1_197' title='bbox 562 3557 615 3611; x_wconf 84' lang='lat' dir='ltr'><strong>wie</strong></span> <span class='ocrx_word' id='word_1_198' title='bbox 633 3556 673 3611; x_wconf 93' lang='lat' dir='ltr'><strong>Vl</strong></span> <span class='ocrx_word' id='word_1_199' title='bbox 693 3561 734 3623; x_wconf 84' lang='lat'><strong>68,</strong></span> <span class='ocrx_word' id='word_1_200' title='bbox 746 3562 771 3623; x_wconf 78' lang='lat' dir='ltr'><strong>t,</strong></span> <span class='ocrx_word' id='word_1_201' title='bbox 789 3556 861 3613; x_wconf 84' lang='lat' dir='ltr'><strong>Stat.</strong></span> <span class='ocrx_word' id='word_1_202' title='bbox 882 3555 909 3612; x_wconf 87' lang='lat' dir='ltr'><strong>S.</strong></span> <span class='ocrx_word' id='word_1_203' title='bbox 928 3557 954 3612; x_wconf 93' lang='lat' dir='ltr'>V</span> <span class='ocrx_word' id='word_1_204' title='bbox 972 3555 1120 3626; x_wconf 85' lang='lat' dir='ltr'><strong>praefatio.</strong></span> 
     </span>
    </p>

    <p class='ocr_par' dir='ltr' id='par_1_13' title="bbox 156 3642 1293 3798">
     <span class='ocr_line' id='line_1_30' title="bbox 224 3642 1293 3710; baseline 0.007 -19"><span class='ocrx_word' id='word_1_205' title='bbox 224 3643 248 3693; x_wconf 83' lang='lat'><strong>9.</strong></span> <span class='ocrx_word' id='word_1_206' title='bbox 283 3644 419 3703; x_wconf 74' lang='lat' dir='ltr'><strong>Quantum</strong></span> <span class='ocrx_word' id='word_1_207' title='bbox 442 3646 508 3695; x_wconf 78' lang='lat' dir='ltr'><strong>crat.</strong></span> <span class='ocrx_word' id='word_1_208' title='bbox 546 3642 649 3699; x_wconf 80' lang='lat' dir='ltr'><strong>Juven.</strong></span> <span class='ocrx_word' id='word_1_209' title='bbox 674 3646 698 3708; x_wconf 89' lang='grc'><strong>9,</strong></span> <span class='ocrx_word' id='word_1_210' title='bbox 718 3646 750 3697; x_wconf 87' lang='grc'><strong>59</strong></span> <span class='ocrx_word' id='word_1_211' title='bbox 775 3643 915 3710; x_wconf 83' lang='lat' dir='ltr'><strong>Quantum</strong></span> <span class='ocrx_word' id='word_1_212' title='bbox 945 3652 1005 3700; x_wconf 89' lang='lat' dir='ltr'><strong>erat</strong></span> <span class='ocrx_word' id='word_1_213' title='bbox 1029 3644 1159 3700; x_wconf 78' lang='lat' dir='ltr'><strong>exhausti</strong></span> <span class='ocrx_word' id='word_1_214' title='bbox 1182 3644 1293 3702; x_wconf 85' lang='lat' dir='ltr'><strong>lumbos</strong></span> 
     </span>
     <span class='ocr_line' id='line_1_31' title="bbox 156 3726 780 3798; baseline 0.008 -18"><span class='ocrx_word' id='word_1_215' title='bbox 156 3726 261 3781; x_wconf 87' lang='lat' dir='ltr'><strong>donare</strong></span> <span class='ocrx_word' id='word_1_216' title='bbox 281 3727 394 3783; x_wconf 85' lang='lat' dir='ltr'><strong>clientis</strong></span> <span class='ocrx_word' id='word_1_217' title='bbox 411 3734 467 3783; x_wconf 88' lang='lat' dir='ltr'><strong>etc.</strong></span> <span class='ocrx_word' id='word_1_218' title='bbox 498 3727 563 3798; x_wconf 80' lang='lat' dir='ltr'><strong>Vgl.</strong></span> <span class='ocrx_word' id='word_1_219' title='bbox 584 3745 619 3783; x_wconf 86' lang='lat' dir='ltr'><strong>au</strong></span> <span class='ocrx_word' id='word_1_220' title='bbox 638 3727 677 3798; x_wconf 88' lang='lat' dir='ltr'><strong>Sp</strong></span> <span class='ocrx_word' id='word_1_221' title='bbox 698 3732 736 3795; x_wconf 83' lang='grc'><strong>15,</strong></span> <span class='ocrx_word' id='word_1_222' title='bbox 756 3732 780 3785; x_wconf 81' lang='lat'><strong>2.</strong></span> 
     </span>
    </p>

    <p class='ocr_par' dir='ltr' id='par_1_14' title="bbox 224 3811 912 3885">
     <span class='ocr_line' id='line_1_32' title="bbox 224 3811 912 3885; baseline 0.009 -20"><span class='ocrx_word' id='word_1_223' title='bbox 224 3811 338 3866; x_wconf 86' lang='lat' dir='ltr'>XLVII.</span> <span class='ocrx_word' id='word_1_224' title='bbox 360 3815 381 3866; x_wconf 92' lang='lat' dir='ltr'><strong>l.</strong></span> <span class='ocrx_word' id='word_1_225' title='bbox 405 3817 530 3885; x_wconf 74' lang='lat' dir='ltr'><strong>sarnosae</strong></span> <span class='ocrx_word' id='word_1_226' title='bbox 542 3844 576 3852; x_wconf 89' lang='lat'><em>-</em></span> <span class='ocrx_word' id='word_1_227' title='bbox 593 3817 713 3870; x_wconf 75' lang='lat' dir='ltr'><strong>rrsoccltne</strong></span> <span class='ocrx_word' id='word_1_228' title='bbox 731 3839 762 3862; x_wconf 96' lang='lat'>=</span> <span class='ocrx_word' id='word_1_229' title='bbox 781 3816 809 3870; x_wconf 91' lang='lat' dir='ltr'><strong>II</strong></span> <span class='ocrx_word' id='word_1_230' title='bbox 827 3819 869 3881; x_wconf 84' lang='lat'><strong>39,</strong></span> <span class='ocrx_word' id='word_1_231' title='bbox 890 3818 912 3871; x_wconf 88' lang='lat' dir='ltr'><strong>l.</strong></span> 
     </span>
    </p>

    <p class='ocr_par' dir='ltr' id='par_1_15' title="bbox 156 3896 1291 4037">
     <span class='ocr_line' id='line_1_33' title="bbox 224 3896 1291 3972; baseline 0.004 -22"><span class='ocrx_word' id='word_1_232' title='bbox 224 3896 352 3951; x_wconf 83' lang='lat' dir='ltr'>XLVIII.</span> <span class='ocrx_word' id='word_1_233' title='bbox 372 3900 395 3951; x_wconf 83' lang='lat'><strong>2.</strong></span> <span class='ocrx_word' id='word_1_234' title='bbox 414 3900 581 3970; x_wconf 75' lang='lat' dir='ltr'><strong>tabulamque</strong></span> <span class='ocrx_word' id='word_1_235' title='bbox 599 3903 770 3972; x_wconf 71' lang='lat' dir='ltr'><strong>celeriorque.</strong></span> <span class='ocrx_word' id='word_1_236' title='bbox 799 3901 853 3956; x_wconf 87' lang='lat' dir='ltr'><strong>Ein</strong></span> <span class='ocrx_word' id='word_1_237' title='bbox 866 3901 1027 3969; x_wconf 83' lang='lat' dir='ltr'><strong>Brettspiel.</strong></span> <span class='ocrx_word' id='word_1_238' title='bbox 1060 3900 1291 3967; x_wconf 82' lang='lat' dir='ltr'><strong>MarqnardtPrl.</strong></span> 
     </span>
     <span class='ocr_line' id='line_1_34' title="bbox 156 3983 254 4037; baseline 0.01 -3"><span class='ocrx_word' id='word_1_239' title='bbox 156 3983 254 4037; x_wconf 71' lang='grc'><strong>5315.</strong></span> 
     </span>
    </p>

    <p class='ocr_par' dir='ltr' id='par_1_16' title="bbox 155 4068 1293 4312">
     <span class='ocr_line' id='line_1_35' title="bbox 226 4068 1291 4142; baseline 0.008 -24"><span class='ocrx_word' id='word_1_240' title='bbox 226 4073 249 4120; x_wconf 82' lang='grc' dir='ltr'><strong>ῑ.</strong></span> <span class='ocrx_word' id='word_1_241' title='bbox 279 4069 411 4123; x_wconf 76' lang='lat' dir='ltr'><strong>Butuntis</strong></span> <span class='ocrx_word' id='word_1_242' title='bbox 433 4070 460 4125; x_wconf 81' lang='lat' dir='ltr'><strong>cl.</strong></span> <span class='ocrx_word' id='word_1_243' title='bbox 481 4071 509 4125; x_wconf 91' lang='lat' dir='ltr'><strong>h.</strong></span> <span class='ocrx_word' id='word_1_244' title='bbox 530 4071 620 4127; x_wconf 87' lang='lat' dir='ltr'><strong>selbst</strong></span> <span class='ocrx_word' id='word_1_245' title='bbox 637 4072 668 4127; x_wconf 91' lang='lat' dir='ltr'><strong>in</strong></span> <span class='ocrx_word' id='word_1_246' title='bbox 686 4072 748 4127; x_wconf 81' lang='lat' dir='ltr'><strong>clem</strong></span> <span class='ocrx_word' id='word_1_247' title='bbox 771 4072 966 4142; x_wconf 83' lang='lat' dir='ltr'><strong>armseligsten</strong></span> <span class='ocrx_word' id='word_1_248' title='bbox 991 4069 1047 4125; x_wconf 82' lang='lat' dir='ltr'><strong>Ort</strong></span> <span class='ocrx_word' id='word_1_249' title='bbox 1067 4068 1222 4125; x_wconf 86' lang='lat' dir='ltr'><strong>Butuntum</strong></span> <span class='ocrx_word' id='word_1_250' title='bbox 1242 4074 1291 4136; x_wconf 76' lang='lat' dir='ltr'><strong>(us)</strong></span> 
     </span>
     <span class='ocr_line' id='line_1_36' title="bbox 155 4152 1293 4224; baseline 0.004 -17"><span class='ocrx_word' id='word_1_251' title='bbox 155 4153 184 4207; x_wconf 89' lang='lat' dir='ltr'><strong>in</strong></span> <span class='ocrx_word' id='word_1_252' title='bbox 208 4152 358 4210; x_wconf 83' lang='lat' dir='ltr'><strong>Calabrien</strong></span> <span class='ocrx_word' id='word_1_253' title='bbox 380 4171 417 4209; x_wconf 90' lang='lat' dir='ltr'><strong>an</strong></span> <span class='ocrx_word' id='word_1_254' title='bbox 440 4157 491 4211; x_wconf 88' lang='lat' dir='ltr'><strong>der</strong></span> <span class='ocrx_word' id='word_1_255' title='bbox 513 4155 624 4213; x_wconf 82' lang='lat' dir='ltr'><strong>Strasse</strong></span> <span class='ocrx_word' id='word_1_256' title='bbox 647 4173 704 4211; x_wconf 88' lang='lat' dir='ltr'><strong>von</strong></span> <span class='ocrx_word' id='word_1_257' title='bbox 726 4155 878 4213; x_wconf 83' lang='lat' dir='ltr'><strong>Genusium</strong></span> <span class='ocrx_word' id='word_1_258' title='bbox 900 4155 973 4211; x_wconf 88' lang='lat' dir='ltr'><strong>nach</strong></span> <span class='ocrx_word' id='word_1_259' title='bbox 998 4153 1200 4219; x_wconf 76' lang='lat' dir='ltr'><strong>BrundusIum,</strong></span> <span class='ocrx_word' id='word_1_260' title='bbox 1219 4155 1293 4224; x_wconf 54' lang='lat' dir='ltr'><strong>‚istut</strong></span> 
     </span>
     <span class='ocr_line' id='line_1_37' title="bbox 156 4238 1163 4312; baseline -0.002 -19"><span class='ocrx_word' id='word_1_261' title='bbox 156 4238 281 4305; x_wconf 89' lang='lat' dir='ltr'><strong>Bitonto,</strong></span> <span class='ocrx_word' id='word_1_262' title='bbox 301 4239 397 4294; x_wconf 86' lang='lat' dir='ltr'><strong>wurde</strong></span> <span class='ocrx_word' id='word_1_263' title='bbox 415 4241 476 4296; x_wconf 85' lang='lat' dir='ltr'><strong>also</strong></span> <span class='ocrx_word' id='word_1_264' title='bbox 495 4242 567 4296; x_wconf 84' lang='lat' dir='ltr'><strong>auch</strong></span> <span class='ocrx_word' id='word_1_265' title='bbox 588 4241 707 4296; x_wconf 91' lang='lat' dir='ltr'><strong>Butunti</strong></span> <span class='ocrx_word' id='word_1_266' title='bbox 719 4250 859 4312; x_wconf 62' lang='lat' dir='ltr'><strong>gononum</strong></span> <span class='ocrx_word' id='word_1_267' title='bbox 880 4242 985 4298; x_wconf 88' lang='lat' dir='ltr'><strong>ebenso</strong></span> <span class='ocrx_word' id='word_1_268' title='bbox 1004 4239 1044 4294; x_wconf 95' lang='lat' dir='ltr'><strong>lV</strong></span> <span class='ocrx_word' id='word_1_269' title='bbox 1062 4242 1103 4305; x_wconf 87' lang='grc'><strong>55,</strong></span> <span class='ocrx_word' id='word_1_270' title='bbox 1122 4242 1163 4292; x_wconf 79' lang='lat'><strong>29.</strong></span> 
     </span>
    </p>

    <p class='ocr_par' dir='ltr' id='par_1_17' title="bbox 225 4324 1290 4383">
     <span class='ocr_line' id='line_1_38' title="bbox 225 4324 1290 4383; baseline 0 -6"><span class='ocrx_word' id='word_1_271' title='bbox 225 4330 249 4378; x_wconf 80' lang='lat' dir='ltr'><strong>s.</strong></span> <span class='ocrx_word' id='word_1_272' title='bbox 282 4327 396 4380; x_wconf 74' lang='lat' dir='ltr'><strong>tlemus</strong></span> <span class='ocrx_word' id='word_1_273' title='bbox 418 4327 595 4381; x_wconf 72' lang='lat' dir='ltr'><strong>Neronianae.</strong></span> <span class='ocrx_word' id='word_1_274' title='bbox 632 4326 686 4382; x_wconf 90' lang='lat' dir='ltr'><strong>Die</strong></span> <span class='ocrx_word' id='word_1_275' title='bbox 707 4326 848 4383; x_wconf 86' lang='lat' dir='ltr'><strong>Thermon</strong></span> <span class='ocrx_word' id='word_1_276' title='bbox 871 4327 922 4382; x_wconf 82' lang='lat' dir='ltr'><strong>(les</strong></span> <span class='ocrx_word' id='word_1_277' title='bbox 946 4325 1020 4381; x_wconf 85' lang='lat' dir='ltr'><strong>Nero</strong></span> <span class='ocrx_word' id='word_1_278' title='bbox 1046 4325 1159 4381; x_wconf 86' lang='lat' dir='ltr'><strong>werden</strong></span> <span class='ocrx_word' id='word_1_279' title='bbox 1182 4341 1239 4380; x_wconf 87' lang='lat' dir='ltr'><strong>von</strong></span> <span class='ocrx_word' id='word_1_280' title='bbox 1256 4324 1290 4380; x_wconf 83' lang='lat' dir='ltr'><strong>n.</strong></span> 
     </span>
    </p>
   </div>
   <div class='ocr_carea' id='block_1_11' title="bbox 0 0 1494 4988">
    <p class='ocr_par' dir='ltr' id='par_1_18' title="bbox 0 0 1494 4988">
     <span class='ocr_line' id='line_1_39' title="bbox 0 0 1494 4988; baseline 0 0"><span class='ocrx_word' id='word_1_281' title='bbox 0 0 1494 4988; x_wconf 95' lang='lat' dir='ltr'><strong> </strong></span> 
     </span>
    </p>
   </div>
  </div>
 </body>
</html>
