2978 4988
359 345 395 399 sl.
414 343 521 399 Valerii
539 343 675 399 Martialis
693 343 924 413 Epigrammston
942 344 1020 400 liber.
1197 350 1256 412 135

124 521 280 606 ἐπιφανεῖς
303 513 593 603 συγκατειργάσαντο
618 519 647 598 (6
659 516 689 596 b,
714 519 754 597 4).
792 515 898 601 ἄνδρες
922 516 955 581 δὲ
977 515 1081 581 πολλοί
1105 517 1157 601 μὲν
1181 521 1254 602 ἐμο-

124 629 320 717 νομάχησαν,
356 627 460 693 πολλοὶ
494 626 527 692 δὲ
560 627 611 692 καὶ
646 629 753 713 άίλρύοι
786 626 817 691 ἔν
852 651 883 691 τε
916 628 1115 714 πεξομαχίαις
1145 630 1195 694 καί
1225 633 1256 694 ἐν

124 742 308 829 ναυμαχίαις
341 739 547 827 ἠγωνίσαντο’
583 738 615 802 τύ
653 735 713 825 γάρ
751 739 877 825 θέατρον
911 737 984 803 αύτύ
1018 741 1114 804 ἐκεῖνο
1149 742 1256 814 ύδατος

125 855 266 940 ἐξαίφνης
287 853 449 938 πληρώσας
469 853 542 934 (24),
562 852 688 937 ἐςίηγαγε
712 849 764 934 μὲν
787 849 838 914 καί
860 848 966 923 ἵππους
989 849 1040 915 καί
1062 852 1189 938 ταύρους
1204 855 1256 918 καί

125 966 204 1031 ἄλλα
226 959 293 1029 τινά
316 963 478 1051 χειροήθη,
505 963 704 1048 δεδιδαγμένα
725 957 814 1026 πάνθ’
840 963 898 1026 ύσα
920 961 968 1026 ἐπὶ
991 969 1043 1049 της
1065 970 1132 1048 γῆς,
1157 964 1255 1051 πράτ-

125 1102 185 1142 τειν
208 1075 260 1141 καί
282 1077 313 1140 ἐν
336 1078 379 1163 τῷ
401 1074 504 1162 ύγρῷ·
524 1076 651 1160 ἐςηγαγε
674 1073 707 1138 δὲ
722 1073 773 1138 καί
792 1074 966 1159 ἀνθρώπους
982 1073 1030 1140 ἐπί
1044 1077 1179 1139 πλοίων·
1205 1077 1256 1141 καί

125 1181 207 1255 οὗτοι
229 1187 282 1272 μὲν
304 1189 384 1267 ἐκεῖ,
419 1189 459 1258 ὡς
489 1187 518 1249 οί
542 1185 594 1269 μὲν
624 1181 822 1271 Κερκυραῖοι,
857 1186 885 1249 οί
915 1184 948 1250 δὲ
976 1183 1133 1272 Κορίνθιοι
1161 1189 1252 1271 ὄντες,

125 1297 343 1386 ἐναυμάχησαν
367 1300 460 1381 (243)
490 1318 497 1331 ·
523 1296 611 1361 ἄλλοι
639 1296 672 1361 δὲ
701 1295 757 1367 ἔξω
785 1298 816 1360 ἐν
846 1302 888 1384 τῷ
918 1296 1005 1362 ἄλσει
1026 1303 1143 1384 τῷ-τού
1166 1299 1258 1365 Γαίου

87 1437 92 1445 ·
125 1417 176 1476 τού
199 1436 231 1476 τε
248 1411 378 1475 λαυκίου
400 1411 418 1474 δ
438 1433 510 1474 ποτε
534 1407 736 1492 ύΑὔγουστος
752 1404 793 1471 ἐπ’
822 1406 893 1472 αύτύ
916 1404 991 1474 τοῦτ’
1018 1405 1151 1496 ὠρύξατο
1170 1414 1268 1495 (28)

125 1522 251 1588 Becker
273 1523 412 1605 Topogr.
437 1524 508 1599 657,
536 1523 617 1584 1416
640 1519 765 1585 Preller
787 1520 953 1604 Regiones
976 1524 1038 1588 206
1061 1521 1180 1607 Απαι.)
1206 1524 1258 1588 καί

125 1632 185 1721 γάρ
209 1634 343 1699 ἐνταῦθα
363 1638 399 1718 τῇ
425 1631 476 1716 μὲν
500 1633 603 1717 πρώτη
626 1632 725 1716 ἡμέρη
750 1633 922 1718 μονομαχία
944 1630 996 1696 καί
1019 1634 1133 1719 θηρίων
1158 1632 1257 1722 σραγη

128 1748 227 1828 (28,4
252 1764 283 1823 s;
308 1748 366 1823 29;
391 1747 442 1826 30)
473 1743 781 1827 κατοικοδομηθείσης
804 1744 903 1807 σανίσι
924 1749 978 1828 τῆς
1000 1740 1078 1808 κατά
1100 1749 1259 1832 πρόσωπον

92 1862 183 1922 .τῶν
210 1858 333 1922 εἰκόνων
363 1856 469 1940 λίμνης
497 1853 547 1919 καί
577 1855 657 1939 ἰκρία
690 1855 772 1939 πέριξ
803 1856 972 1941 λαβούσης,
1004 1880 1040 1942 τη
1072 1855 1105 1921 δὲ
1136 1859 1259 1946 δευτέρη

128 1967 311 2054 ἱπποδρομία
350 1968 415 2049 (28,
448 1972 478 2031 5.
512 1970 540 2031 6.
565 1953 593 2050 9)
628 1963 679 2030 καί
708 1969 744 2052 τῇ
778 1967 861 2052 τρίτη
900 1968 1055 2054 ναυμαχία
1092 1972 1259 2057 τριςχιλίων

129 2082 270 2166 ἀνδρῶν’
297 2077 347 2143 καί
371 2074 447 2162 μετά
470 2082 555 2143 τοῦτο
578 2077 629 2141 καί
651 2077 822 2163 πεζομαχία
845 2078 972 2162 ἐγένετο.
1006 2082 1179 2166 νικήσαντες
1201 2079 1261 2169 γάρ

126 2193 155 2256 οί
175 2186 330 2276 Ἀθηναῖοι
353 2188 419 2263 τούς
443 2189 647 2275 Συρακοσίους
671 2188 795 2271 (τούτοις
817 2184 877 2274 γάρ
899 2191 962 2261 τοῖς
992 2191 1117 2275 δνύμασι
1139 2192 1260 2279 χρησά-

125 2328 210 2388 μενοι
232 2300 462 2390 ἐναυμάχησαν)
486 2302 648 2386 ἐπεξῆλθον
678 2302 709 2373 ἐς
731 2299 762 2364 τύ
792 2301 940 2384 νησίδιον,
973 2299 1024 2364 καί
1046 2304 1261 2389 προςβαλύντες

125 2417 220 2503 τείχει
241 2414 298 2480 τινί
327 2412 395 2501 περὶ
423 2413 456 2478 τύ
480 2415 621 2498 μνημεῖον
652 2413 842 2497 πεποιημένῳ
870 2410 950 2477 εἶλον
975 2413 1057 2477 αύτύ.
1091 2418 1184 2479 ταῦτα
1208 2415 1260 2499 μὲν

127 2531 158 2602 ἐς
180 2528 250 2615 ὄψιν
272 2529 384 2613 ἥκοντα
412 2524 487 2610 [καί]
508 2521 553 2612 ἐφ’
580 2523 684 2588 ἑκατὸν
699 2523 815 2609 ἡμέρας
830 2524 946 2610 ἐγένετο
965 2575 971 2588 .
990 2523 1124 2612 παρέσχε
1147 2527 1180 2591 δέ
1195 2551 1261 2591 τινα

125 2639 177 2705 καὶ
211 2641 243 2712 ἐς
271 2639 420 2725 ὠφέλειαν
455 2639 585 2723 φέροντα
621 2636 721 2708 αὐτοῖς
746 2685 753 2699 .
778 2635 905 2722 σφαιρία
933 2631 992 2722 γάρ
1030 2637 1131 2708 ξύλινα
1168 2635 1260 2725 μικραί

127 2751 244 2816 ἄνωθεν
267 2752 298 2823 ἐς
320 2748 352 2814 τύ
376 2750 503 2836 θέατρον
526 2749 657 2835 ἐρρίπτει
679 2747 826 2832 σύμβολον
848 2745 958 2833 ἔχοντα
980 2746 1012 2812 τύ
1037 2745 1089 2833 μὲν
1112 2750 1262 2835 ἐδωδίμου

127 2865 216 2944 τινύς,
234 2860 268 2926 τύ
292 2860 325 2926 δὲ
348 2862 485 2948 ἐσθῆτος,
504 2858 537 2923 τύ
561 2858 594 2924 δὲ
618 2853 748 2944 ἀργύροῦ
764 2858 897 2936 σκεύους,
918 2857 992 2923 ἄλλο
1007 2865 1134 2948 χρυσοῦ,
1151 2859 1258 2944 ἵππων,

128 2974 311 3060 ὑποζυγίων,
344 2969 561 3058 βοσκημάτων,
589 2971 809 3056 ἀνδραπόδων·
835 2970 854 3034 ἃ
878 2967 1076 3055 ἁρπάσαντάς
1096 2994 1177 3047 τινας
1200 2973 1263 3039 ἔδει

127 3084 200 3172 πρὸς
235 3082 304 3157 τούς
338 3085 466 3170 δοτῆρας
502 3084 598 3147 αύτῶν
633 3082 822 3165 ἀπενεγκεῖν,
863 3080 915 3145 καί
952 3082 1054 3167 λαβεῖν
1091 3082 1124 3147 τύ
1163 3088 1263 3171 ἐπιγε-

126 3197 311 3284 γραμμὲνον.

212 3307 319 3373 Wenn
347 3305 399 3372 ich
429 3304 584 3372 παιωνίσαι
613 3304 723 3370 iruher
755 3302 818 3385 QSG
841 3303 890 3367 III
914 3306 975 3368 425
995 3304 1028 3386 i.)
1059 3305 1177 3373 ebenso
1200 3309 1263 3373 wie

126 3418 330 3486 JosKehrein
360 3416 540 3500 (Supplmb.
574 3437 613 3481 zu
642 3415 745 3482 Jahns
774 3415 839 3481 Jbb
872 3415 917 3480 IV
941 3415 1053 3501 541f.)
1088 3437 1264 3502 angenom-

126 3550 200 3596 men
229 3528 329 3608 habe,
361 3528 438 3594 dass
467 3526 537 3594 dies
564 3526 655 3592 Buch
684 3526 768 3592 auch
801 3527 908 3611 einige
939 3529 982 3610 (in
1010 3529 1099 3594 einer
1128 3533 1264 3597 zweiten

126 3641 283 3727 Ausgabe
310 3639 533 3724 nschtrsglich
556 3639 796 3723 hinzugefflgte)
823 3639 1030 3723 Epigrammc
1057 3639 1118 3705 auf
1140 3642 1264 3709 Schen-

127 3752 232 3838 spiele
260 3752 442 3818 Domitiens
475 3752 573 3835 (Suet.
599 3752 691 3818 Dom.
716 3754 785 3816 ci
814 3750 877 3815 Dio
899 3751 1021 3816 LXVII
1045 3755 1074 3835 8)
1105 3753 1262 3837 enthelte,

127 3863 184 3931 der
207 3863 263 3930 die
285 3863 461 3930 Delatoren
484 3862 644 3928 ebeniclls
673 3861 829 3928 bestraite
856 3861 954 3946 (Suet.
979 3862 1071 3928 Dom.
1096 3882 1121 3929 c.
1147 3868 1193 3947 3),
1226 3886 1262 3933 so

127 3977 169 4042 ist
191 3975 263 4042 dies
285 3975 532 4059 hauptsechlich
555 3973 692 4039 deshaib
714 3972 891 4057 geschehn‚
923 3973 997 4039 weil
1021 3972 1080 4040 des
1109 3975 1155 4061 Sp
1186 3981 1263 4059 225

128 4086 295 4154 erwchnte
324 4086 541 4170 zweihiirnige
574 4086 769 4151 Rhinoceros
808 4085 877 4166 (auf
906 4083 1046 4150 welches
1081 4087 1148 4152 sich
1181 4088 1264 4155 auch

129 4200 215 4284 Sp9
247 4197 385 4279 bezieht)
418 4198 479 4263 aui
501 4199 591 4264 einer
613 4198 728 4262 Munze
760 4197 942 4263 Domitians
973 4197 1106 4278 (Eckhel
1137 4199 1199 4264 DN
1223 4200 1266 4263 VI

129 4312 200 4396 393)
229 4307 420 4394 abgebiidet
440 4311 492 4375 ist.
