2978 4988
402 361 635 432 Epigrammaton
652 361 737 417 Liber
755 361 768 415 1
787 361 825 426 liu
843 361 898 416 deu
916 360 943 416 d.
963 359 1059 428 tileo).
1226 363 1288 426 223

244 533 309 601 Sed
332 543 457 618 spectat
478 536 580 601 oculis
603 532 834 599 devorantibus
857 530 993 597 draucos

243 649 312 712 Neo
334 647 444 711 otiosIs
467 648 627 712 mentulas
649 642 738 710 videt
759 643 870 709 labris.

243 756 379 835 Quaeris
403 758 476 840 quIs
498 756 552 823 hic
573 759 637 822 siti
666 754 797 821 Excidit
818 754 898 820 milri
923 774 1049 820 nomen.

658 909 789 975 XCVII.

243 1024 322 1089 Cum
346 1023 487 1088 clamant
508 1041 629 1100 omues,
652 1021 795 1104 loqueris
817 1027 902 1093 tunc,
927 1020 1081 1098 Naevole‚
1105 1028 1238 1099 tantum,

286 1136 328 1200 ut
349 1141 381 1200 te
403 1141 574 1219 patronum
597 1131 860 1214 causidicumque
883 1141 987 1217 putas.

244 1246 314 1311 llac
336 1246 460 1310 ratione
482 1251 589 1329 potest
610 1263 703 1310 nemo
726 1263 789 1310 non
812 1262 884 1310 esse
907 1243 1057 1309 disertus.

287 1358 379 1433 Ecce,
404 1362 513 1422 tacent
533 1375 659 1422 omues:
684 1356 839 1431 Naevole,
863 1355 915 1421 dic
937 1354 1070 1437 aliquid.

652 1493 800 1558 XOVIH.

243 1606 366 1689 Litigat
389 1612 421 1670 et
442 1603 589 1690 podagra
611 1603 782 1682 Diodoms,
805 1603 932 1681 Flacca,
955 1602 1092 1669 laborat.

287 1715 353 1782 Sed
376 1716 422 1781 nil
445 1721 580 1800 patrono
602 1716 750 1799 porrigit:
775 1714 856 1780 haec
878 1714 1036 1798 cheragra
1059 1723 1116 1781 est.

667 1869 783 1935 XCIX.

245 1983 316 2048 Non
338 1983 471 2066 plenum
493 1980 587 2047 modo
610 1981 711 2046 vides
733 1980 889 2059 habebas,

244 2091 311 2158 Sed
333 2099 400 2158 tam
422 2090 578 2177 prodigus
601 2099 700 2175 atque
723 2092 868 2157 liberalis

244 2205 286 2269 Et
309 2210 375 2269 tam
398 2204 507 2269 lautus
530 2222 615 2284 eras,
641 2202 775 2285 Calene,
799 2210 835 2268 ut
857 2221 968 2268 omnes

246 2315 406 2400 Optarent
427 2314 485 2380 tibi
509 2315 631 2380 centies
654 2314 761 2379 amici.

181 2508 184 2515 Ι
203 2435 219 2488 5
243 2425 345 2492 Audit
367 2433 442 2492 vota
464 2425 545 2517 deus
567 2443 745 2510 precesque
768 2431 893 2490 nostras

243 2538 351 2621 Atque
374 2539 468 2617 intra,
492 2545 578 2622 puto,
603 2538 759 2620 septimas
781 2534 948 2602 Kalendas

244 2650 363 2714 Mortes
386 2648 447 2714 hoe
469 2649 528 2715 tibi
551 2655 702 2731 quattuor
724 2647 891 2714 dederunt.

244 2761 286 2825 At
309 2767 343 2824 tu
366 2760 414 2825 sic
436 2760 530 2842 quasi
552 2779 617 2826 non
639 2759 722 2826 foret
743 2759 899 2839 relictum,

244 2870 310 2937 Sed
333 2879 461 2955 raptum
484 2871 543 2937 tibi
566 2873 697 2952 centies,
721 2871 819 2937 abisti

185 2990 221 3045 10
244 2984 282 3047 ln
304 2990 428 3048 tantam
451 2984 550 3049 miser
572 2984 789 3061 esuritionem,

244 3094 288 3160 Ut
312 3095 461 3160 convivia
483 3095 730 3179 sumptuosiora,

245 3206 327 3271 Toto
351 3225 437 3288 quae
459 3206 560 3271 semel
584 3225 725 3290 apparas
748 3206 781 3270 iu
804 3224 898 3279 anno,

245 3317 368 3399 Nigrae
391 3316 541 3383 sordibus
564 3317 708 3402 explices
731 3323 889 3389 monetae,

228 3489 267 3541 12.
289 3487 371 3541 oculis
389 3488 583 3542 devorantibus.
612 3487 654 3542 IX
673 3491 713 3552 59,
732 3490 747 3539 3
772 3487 921 3556 ocullsque
941 3487 1071 3544 eomedit.

229 3575 269 3625 13.
290 3572 380 3629 labra
404 3572 469 3644 Vgl.
488 3574 554 3630 Jnv.
572 3576 598 3639 0,
618 3576 651 3627 35
670 3574 813 3642 spumanti
831 3603 866 3613 -
883 3572 995 3630 labello.
1019 3573 1132 3629 cium.

225 3657 346 3714 XCVIII
366 3661 389 3713 l.
419 3661 524 3714 blacos.
556 3659 857 3716 vlolloloutuor1st
878 3660 1057 3730 angeredete.

226 3742 330 3799 xclx.
362 3744 422 3802 Das
440 3745 555 3810 Thema,
577 3745 643 3801 dass
662 3760 761 3816 grosse
773 3744 968 3816 Vermehrung
986 3746 1037 3802 des
1049 3746 1225 3816 Vermligens
1239 3745 1295 3801 bis·

158 3828 258 3884 wellen
276 3829 346 3886 Gela
364 3831 571 3901 hervorbrIngt,
590 3831 641 3887 hat
658 3831 693 3886 ll.
713 3831 786 3887 auch
804 3832 817 3886 l
839 3835 885 3884 103
905 3832 963 3887 und
980 3832 1021 3887 IV
1039 3835 1068 3884 51
1090 3832 1253 3889 behandelt.

227 3917 250 3970 1.
279 3917 389 3984 plenam
421 3916 517 3970 vicia·
546 3917 636 3972 sovlel
666 3918 709 3974 als
742 3920 845 3971 435000
872 3916 959 3974 llcrlr.
994 3918 1110 3973 Plenum
1134 3918 1242 3974 centies
1270 3915 1296 3970 V

158 4002 198 4063 ῖο,
223 4002 238 4052 2
269 4002 377 4058 centies
407 4002 500 4058 laxum
523 4002 565 4056 Ill
590 4005 635 4066 22,
660 4006 675 4055 2
710 4003 806 4060 tricies
835 4003 946 4059 soldum
969 4003 1009 4058 IV
1031 4006 1077 4068 37,
1100 4005 1125 4056 4.
1166 4001 1295 4066 llultseh,

157 4084 323 4157 liemologls
341 4089 365 4140 2.
384 4086 474 4157 sung.
492 4090 552 4150 205,
572 4091 597 4141 4.

226 4176 250 4226 4.
269 4172 377 4227 cantia.-
407 4175 526 4226 2175000
545 4172 601 4228 uk,

228 4261 268 4312 10.
290 4257 468 4314 esuritionem.
506 4257 697 4315 Catulllsches
715 4257 804 4314 Wort.
832 4275 856 4314 c.
878 4262 919 4324 21,
940 4262 967 4324 0,
988 4261 1029 4323 23,
1051 4261 1088 4312 14.

227 4347 267 4396 13.
288 4343 410 4414 explices.
447 4343 512 4415 Vgl.
533 4344 547 4399 1
568 4347 623 4409 10³,
642 4347 666 4397 8.
