2978 4988
377 373 608 442 Epigrammaton
626 371 709 427 Liber
726 369 753 425 V
772 370 856 433 {edint
872 371 975 428 Herbst
993 376 1046 436 set.
1216 377 1280 437 415

272 543 309 609 Si
331 551 472 609 nostrum
495 543 620 608 sinete
642 543 706 608 scis
729 542 869 609 caluisse
891 543 1006 609 iocum.

189 664 205 719 5
229 655 298 720 Nec
319 655 419 720 semel
443 674 519 738 ergo
541 654 620 718 mihi
643 653 762 719 furtum
785 654 901 720 iecisse
923 655 1055 722 licebitr

273 766 453 850 Improbius
476 766 557 831 nihil
580 773 629 831 est
650 766 720 843 hac,
746 765 937 849 Charopine,
961 769 1049 851 gula.

230 876 352 943 Desine
373 879 438 942 iam
461 884 611 956 nostram,
635 896 755 961 precor,
780 877 954 943 observare
977 879 1125 957 culinam,

272 990 379 1072 Atque
401 988 575 1077 aliquando
598 1007 689 1053 meus
712 987 767 1054 det
789 988 847 1053 tibi
871 988 972 1054 verba
993 1008 1096 1055 cocus.

684 1151 736 1214 LI.

231 1264 300 1341 Hic,
325 1263 380 1345 qui
401 1262 521 1327 libellis
543 1281 755 1347 praegravem
777 1262 862 1346 gerit
883 1264 1021 1341 laevam,

231 1374 434 1439 Notariorum
458 1393 553 1455 quem
576 1375 692 1457 premit
714 1373 828 1439 chorus
851 1372 943 1454 levis,

233 1483 296 1562 Qui
319 1484 475 1550 codicillis
496 1484 571 1550 hinc
595 1492 626 1551 et
648 1484 724 1550 inde
746 1487 881 1569 prolatis

229 1596 449 1680 Epistolisque
472 1595 651 1661 commodat
673 1616 806 1679 gravem
829 1598 952 1662 vultum

191 1715 207 1769 5
231 1706 355 1772 Similis
378 1708 492 1773 Catoni
516 1708 688 1790 Tullioque
709 1707 881 1789 Brutoque,

232 1819 430 1902 Exprimere,
454 1817 546 1897 Rufe,
570 1816 721 1882 fidiculae
742 1819 818 1883 licet
841 1827 965 1902 cogant,

234 1930 327 1994 Have
349 1930 508 2009 Latinum,
531 1931 622 2015 χαῖρε
644 1948 708 1993 non
729 1937 835 2012 potest
858 1929 1026 1996 Graecum.

233 2040 268 2105 Si
291 2039 414 2124 lingere
435 2039 523 2106 istud
545 2059 597 2105 me
619 2048 723 2124 putas,
748 2042 935 2107 salutemus.

674 2212 745 2277 LII.

232 2322 324 2401 Quae
346 2323 424 2388 mihi
446 2324 646 2407 praestiteris
667 2324 798 2388 memini
822 2341 1012 2406 semperque
1034 2321 1162 2389 tenebo.

276 2436 341 2501 Cur
362 2435 461 2518 igitur
482 2442 583 2514 taceo,
606 2437 777 2501 Postume?
807 2435 857 2499 Tu
879 2434 1029 2516 loqueris.

232 2547 355 2630 Incipio
378 2546 526 2628 quotiens
549 2547 645 2611 alicui
667 2554 724 2613 tua
746 2545 832 2611 dona
853 2545 983 2623 referre,

276 2659 426 2723 Protinus
448 2656 609 2723 exclamat
630 2658 780 2723 »Dixerat
801 2658 873 2740 ipse
895 2656 999 2722 mihi«

193 2777 209 2831 5
232 2769 307 2834 Non
328 2769 414 2835 belle
436 2768 596 2851 quaedam
619 2768 742 2835 iaciunt
765 2767 840 2834 dno:
871 2767 990 2833 sufficit
1012 2786 1095 2833 unus

250 2957 273 3010 L
292 2958 315 3008 8.
335 2972 422 3012 cocus
436 2957 605 3018 QEXAOF
645 2973 753 3012 coenus
767 2959 794 3010 P
835 2971 944 3025 coquus
961 2978 982 3008 ω
996 2958 1046 3009 Ser
1069 2955 1173 3010 dissert
1186 2976 1220 3027 p.
1236 2964 1277 3013 25.

148 3042 230 3098 iocus
254 3043 364 3096 TScltn.

252 3128 287 3182 Ll
306 3133 330 3179 4.
360 3126 478 3194 vultum]
498 3127 617 3184 volitum
635 3130 665 3182 E
697 3128 806 3183 voltum
824 3129 858 3182 X
869 3129 946 3181 Soka.

216 3301 276 3355 Lll.
307 3299 438 3355 vincent
463 3298 571 3354 Bellov.
590 3300 638 3368 Sp.
657 3300 692 3354 1).
714 3298 741 3353 V
760 3300 792 3352 52
810 3298 952 3354 Marcialio
974 3314 1082 3370 coquus
1106 3299 1192 3366 ,Quae
1210 3300 1278 3355 mihi

148 3393 201 3442 etc.
224 3416 258 3425 -
280 3389 305 3440 l.
335 3385 444 3440 dixerat
466 3380 514 3439 ille
538 3384 614 3439 mihi.
638 3414 672 3423 -
697 3388 720 3437 5.
745 3384 888 3454 quoddam
909 3388 964 3437 -.‘

147 3574 200 3628 wie
224 3574 302 3638 11⁴,
326 3577 340 3625 5
365 3573 447 3629 Unde
471 3578 568 3642 potest
591 3572 692 3627 avidae
717 3579 819 3641 captae
836 3572 883 3629 leo
903 3587 1021 3642 parcere
1039 3573 1183 3643 praedae?
1212 3572 1279 3643 Vgl.

149 3658 233 3728 Verg.
254 3657 287 3712 G.
308 3658 429 3711 111153.
459 3657 494 3712 Α.
507 3657 548 3711 XI
567 3660 626 3711 325.
658 3657 784 3714 Gilbertl
800 3675 828 3727 p.
848 3661 907 3712 641.

216 3742 253 3796 LI
273 3745 298 3797 2.
341 3743 519 3797 Notariorum
535 3772 570 3780 -
588 3744 682 3796 riom
695 3743 766 3797 leod
797 3744 851 3799 Die
870 3743 1075 3813 scenographro
1093 3744 1188 3798 wnrdo
1206 3745 1282 3799 noch

148 3845 183 3883 nn
206 3829 384 3885 Diocletiana
406 3829 468 3885 Zeit
489 3829 519 3883 in
544 3830 599 3884 den
624 3828 748 3884 Schnlen
770 3828 888 3898 gelehrt.
924 3829 1016 3885 Edict.
1043 3828 1135 3884 Diocl.
1159 3845 1183 3882 c.
1208 3832 1220 3879 7
1247 3830 1282 3884 de

146 3915 323 3970 mercedibus
347 3915 547 3983 operariorum.
582 3913 614 3967 L.
636 3916 669 3967 68
687 3915 800 3971 notorio
819 3915 849 3969 in
867 3915 987 3985 singulis
1005 3914 1101 3983 pueris
1123 3921 1281 3970 menstruos

147 4000 279 4056 decades
298 4000 631 4070 septuagintaquinque.

215 4088 273 4143 Der
296 4086 480 4155 Verspottete
503 4085 583 4155 giebt
607 4086 668 4141 sich
699 4086 754 4140 den
781 4084 927 4140 Anschein
953 4084 1030 4140 eines
1055 4083 1200 4153 gelehrten
1224 4084 1284 4139 und

146 4171 416 4241 vielbeschiiitlgten
435 4170 631 4235 Sachwalters,
648 4171 783 4225 wiihrend
801 4186 831 4224 er
848 4169 915 4225 kein
929 4168 1012 4225 Wort
1028 4169 1133 4239 riehtig
1151 4186 1186 4225 nn
1204 4185 1285 4239 spre-

147 4258 219 4314 chen
238 4258 275 4312 im
295 4257 402 4314 Stande
421 4257 467 4312 ist.

215 4344 267 4398 LII
287 4348 311 4399 l.
341 4343 456 4398 dhaet.
487 4342 528 4397 Zu
546 4341 561 4397 1
581 4345 637 4406 101,
656 4343 680 4393 3.
