2978 4988
384 364 615 434 Epigrammaton
633 365 717 422 Liber
734 366 763 421 11
781 368 818 432 (ln
837 368 892 423 den
910 368 936 424 J.
955 371 1053 437 85s86).
1221 376 1282 438 269

666 538 767 603 LXII.

233 646 326 725 Quod
348 654 471 733 pectus,
495 647 581 731 qnod
603 668 696 714 crura
717 650 787 730 tibi,
811 650 896 734 quod
919 651 1054 717 brachis
1075 654 1179 733 vellis,

276 757 369 837 Quod
391 760 497 826 cincta
518 769 568 826 est
589 760 743 826 brevibus
765 765 910 829 mentula
930 771 1024 829 tonsa
1046 765 1139 848 pilis:

232 871 301 936 Hoc
322 881 480 956 praestas,
504 872 658 952 Labiene,
680 879 757 939 tuae
780 912 821 923 -
844 875 916 957 quis
938 876 1062 942 nescit?
1082 913 1126 923 -
1141 877 1276 942 amicae.

274 982 334 1048 Oui
356 992 515 1068 praestas,
541 984 647 1049 culum
670 983 766 1066 quod,
789 984 943 1065 Labiene,
967 986 1071 1071 pilari

648 1138 769 1203 LXIII.

231 1248 307 1314 Sola
328 1248 389 1314 tibi
412 1249 540 1314 fuerant
562 1251 720 1329 sestertia,
744 1249 883 1330 Milicho,
907 1259 1044 1331 centum,

273 1359 364 1438 Quae
386 1361 460 1427 tulit
482 1380 501 1425 e
523 1378 616 1426 sacra
637 1360 729 1428 Leda
749 1361 918 1447 redempta
939 1361 1002 1427 via.

228 1471 368 1550 Milicho,
389 1471 518 1537 luxuria
539 1480 597 1553 est,
621 1474 649 1538 si
670 1473 752 1539 tanti
773 1472 866 1539 dives
888 1493 1023 1539 amares.

272 1583 358 1647 »Non
380 1602 466 1648 amor
489 1584 554 1649 iam
577 1583 678 1649 dices:
703 1584 784 1650 haec
806 1604 934 1667 quoque
956 1585 1086 1651 luxuria
1108 1595 1165 1653 est.

652 1730 766 1796 LXIV.

227 1840 311 1905 Dum
334 1840 429 1906 modo
452 1840 658 1922 causidicum,
683 1841 759 1908 dum
782 1850 815 1908 te
836 1842 930 1908 modo
952 1841 1082 1910 rhetora
1102 1843 1199 1929 fingis

269 1952 309 2019 Et
331 1972 395 2018 non
418 1953 574 2033 decumis,
597 1954 713 2032 Lauro,
737 1951 816 2036 quid
838 1971 910 2019 esse
932 1955 1023 2035 velle,

225 2064 340 2129 Peleos
363 2073 395 2130 et
416 2065 537 2130 Priami
560 2071 678 2131 transit
700 2073 732 2130 et
753 2064 900 2130 Nestoris
923 2073 1014 2131 aetas

254 2175 309 2241 .l⁴}t
330 2174 437 2241 iuerat
459 2195 564 2241 serum
588 2177 652 2241 lam
675 2175 735 2241 tibi
758 2173 917 2241 desinere.

183 2295 199 2348 5
223 2286 344 2371 Incipe,
368 2293 433 2352 tres
456 2306 519 2352 uno
541 2287 706 2372 perierunt
726 2285 870 2352 rhetores
892 2305 987 2365 anno,

267 2396 302 2463 Si
326 2396 404 2480 quid
426 2397 528 2462 habes
551 2399 659 2477 animi,
684 2399 712 2463 si
735 2396 813 2480 quid
835 2398 869 2462 in
892 2405 961 2464 arte
982 2398 1082 2463 vales.

224 2508 258 2574 Si
282 2508 393 2574 schola
415 2508 595 2589 damnatur,
619 2509 690 2575 fors
710 2508 822 2575 litibus
845 2510 953 2574 omnia
973 2509 1109 2590 fervent,

267 2621 343 2705 Ipse
365 2628 471 2705 potest
492 2620 562 2687 fieri
585 2622 716 2687 Marsua
738 2619 929 2687 causidicus.

140 2745 207 2752 --.—
220 2746 342 2753 ᾑ-

237 2792 324 2847 LXII.
343 2791 452 2849 Auson.
473 2792 570 2862 Epigr.
591 2795 624 2845 02
646 2795 702 2856 [121
723 2791 818 2856 Tell).

203 2963 296 3018 LXIII
314 2967 339 3016 2.
369 2964 511 3020 Hiemaoh
530 2965 665 3020 schelnen
683 2981 719 3020 an
738 2966 788 3019 der
805 2980 887 3019 sacra
903 2964 951 3018 via
974 2964 1047 3019 anch
1067 2963 1198 3020 Bordello
1216 2980 1266 3035 ge-

135 3065 229 3105 wessn
247 3066 282 3104 au
300 3050 368 3105 sein.
445 3050 522 3104 tulit.-
539 3049 662 3115 hostete,
680 3050 774 3105 nicht:
795 3049 904 3105 erhlelt.
976 3050 1058 3103 Leda.
1081 3048 1169 3105 llame
1188 3051 1266 3106 einer

135 3135 263 3191 meretrix
282 3136 355 3190 auch
374 3135 417 3190 111
435 3138 476 3201 82,
495 3140 510 3187 3
529 3135 570 3190 IV
588 3138 603 3187 4
622 3134 662 3188 XI
681 3138 722 3188 61.

203 3225 226 3273 d.
248 3223 310 3275 Iom
327 3221 405 3274 diosa
438 3221 478 3276 Zu
495 3220 523 3275 II
540 3223 582 3286 00,
601 3225 625 3273 3.

202 3307 311 3360 Isauria
328 3312 367 3360 eat
384 3330 415 3352 =
435 3306 514 3370 vta,
534 3307 564 3357 13
584 3305 663 3368 1170,
680 3308 718 3358 ll.
739 3307 778 3356 12.
812 3305 883 3360 Etne
901 3303 1026 3368 SklavIn,
1045 3306 1091 3360 die
1110 3322 1173 3360 man
1186 3306 1268 3360 nicht

133 3392 259 3462 begehrt,
278 3391 323 3446 mr
340 3393 423 3448 einen
441 3408 474 3447 so
492 3391 587 3446 hohen
599 3390 678 3446 Preis
697 3407 732 3445 zu
743 3388 858 3455 kasleu,
870 3390 908 3445 ist
920 3391 993 3445 such
1006 3389 1265 3462 Verschwendung.

200 3476 299 3533 LXIV.
322 3480 342 3532 1.
362 3477 524 3531 numidicum
535 3507 569 3515 —
581 3477 695 3529 rlsctora.
725 3476 843 3531 Manche
861 3477 1037 3546 vereInigten
1055 3477 1138 3532 belde
1150 3476 1267 3534 Beruse-

132 3570 218 3626 arten,
247 3563 351 3619 andere
378 3564 483 3634 gingen
506 3578 565 3617 von
592 3562 641 3617 der
668 3562 750 3617 elnon
777 3578 813 3616 nu
839 3561 889 3617 der
916 3563 1039 3619 anderen
1065 3563 1142 3618 liber.
1181 3561 1227 3618 St}
1254 3562 1266 3616 l

135 3651 278 3713 290,3.1.

200 3737 223 3789 s.
243 3736 347 3788 tranat.
384 3736 424 3790 zu
442 3734 481 3804 sp
503 3737 542 3798 ro,
564 3737 585 3789 r.

200 3820 307 3874 Rimul
322 3850 356 3859 —
374 3826 399 3874 et
419 3819 543 3874 Nestoris
565 3824 645 3873 actae.
682 3818 714 3874 V·
726 3821 768 3884 50,
790 3822 805 3870 5
829 3817 933 3873 Priami
955 3818 1001 3873 vel
1019 3818 1147 3875 Nestoris
1166 3836 1264 3875 annos.

130 3903 193 3974 νει.
212 3905 252 3960 vr
272 3909 313 3971 ro,
334 3908 365 3958 rs
400 3905 470 3960 v111
488 3907 521 3959 os
557 3904 597 3959 xl
616 3908 656 3969 eo,
677 3906 715 3956 ra.

198 3992 222 4043 8.
245 3992 369 4046 Meroua.
408 3991 461 4045 Die
480 3989 579 4045 Statue
603 3990 654 4045 des
672 3989 798 4058 Marsyas
822 3988 875 4044 aut
896 3988 959 4043 dem
977 3988 1079 4042 Forum
1109 3987 1183 4041 lllor.
1202 3987 1264 4042 S.l

130 4079 154 4140 6,
179 4078 226 4130 120
244 4077 303 4132 und
322 4077 369 4132 dle
387 4076 506 4146 librigen
524 4091 581 4130 von
600 4075 709 4131 Becker
731 4073 802 4144 Top.
826 4077 873 4127 321
885 4073 904 4128 f.
929 4072 1116 4143 sngefuhrton
1134 4073 1261 4141 Stellam).

129 4161 209 4216 Dooh
232 4161 279 4217 tllr
304 4161 428 4217 Beclrers
446 4160 603 4227 Annuhme,
628 4161 695 4216 dass
718 4160 760 4216 sle
782 4160 812 4215 ln
837 4161 887 4216 der
904 4160 983 4214 Nlihe
1009 4159 1059 4214 der
1082 4167 1174 4217 rostra
1197 4178 1262 4228 war,

129 4246 201 4304 fehlt
223 4248 306 4319 jedes
330 4247 475 4315 Zengniss,
502 4247 631 4315 dsgegen
657 4261 714 4300 war
742 4246 784 4301 sie
811 4245 1046 4301 wahrsohelnllch
1073 4261 1118 4300 am
1145 4254 1264 4303 unteren

128 4334 208 4390 Eudo
226 4333 277 4389 des
296 4334 423 4396 Forums,
442 4332 471 4386 in
489 4332 538 4387 der
557 4331 637 4386 Ntthe
655 4331 706 4386 des
724 4330 1076 4399 prttortrchenlribuncl.
1106 4331 1216 4388 Jordan
1233 4333 1262 4386 tn
