2978 4988
207 357 269 419 262
612 352 647 408 ll.
666 352 771 408 Valerii
789 351 926 410 Martialis

292 525 436 610 »Septem
460 525 550 591 milia
572 524 674 591 debeo
697 523 858 607 Secundo,

292 634 421 700 Phoebo
444 643 605 718 quattuor,
630 635 779 702 undecim
801 635 940 718 Phileto,

291 745 332 812 Et
353 747 517 828 quadrans
538 748 617 813 mihi
640 747 748 812 nullus
770 755 820 813 est
841 748 875 813 in
898 766 1001 814 arca«

233 864 267 917 10
292 855 319 922 0
341 857 465 941 grande
487 859 651 943 ingenium
674 860 738 924 mei
761 857 896 925 sodalis!

291 969 413 1033 Durum
437 978 497 1050 est,
523 969 631 1049 Sexte,
655 989 787 1055 negare,
812 989 885 1036 cum
906 970 1040 1054 rogaris,

291 1077 419 1158 Quanto
442 1080 566 1164 durius,
590 1089 764 1165 antequam
787 1082 922 1166 rogerisl

721 1243 819 1309 XLV.

290 1351 382 1432 Quae
404 1355 462 1420 tibi
485 1374 549 1419 non
571 1354 679 1420 stabat
700 1355 849 1438 praecisa
871 1362 921 1420 est
942 1355 1096 1435 mentula,
1120 1266 1285 1440 Glypte.0

332 1465 483 1544 Demens,
507 1485 579 1531 cum
601 1465 685 1532 ferro
708 1465 787 1549 quid
809 1465 888 1530 tibir
914 1466 1028 1532 Gallus
1050 1486 1132 1533 eras.

714 1644 819 1709 XLVI

289 1754 421 1821 Florida
443 1774 501 1840 per
522 1755 629 1821 varios
652 1763 688 1821 ut
709 1757 854 1840 pingitur
875 1756 986 1840 Hybla
1008 1757 1142 1836 colores,

332 1866 412 1932 Cum
435 1866 534 1932 breve
556 1866 707 1933 Sicaniae
729 1887 786 1933 ver
808 1869 1002 1952 populantur
1023 1886 1112 1952 apes,

290 1977 344 2043 Sic
364 1986 422 2044 tua
444 1978 620 2063 subpositis
642 1978 811 2044 conlucent
833 1981 925 2064 prela
945 1981 1093 2058 lacernis,

333 2089 387 2155 sic
409 2091 508 2156 micat
529 2090 706 2155 innumeris
729 2092 840 2155 arcula
862 2090 1080 2175 synthesibus,

248 2210 263 2263 5
288 2202 394 2284 Atque
415 2221 512 2267 unam
536 2201 655 2267 vestim
677 2201 794 2267 tribum
817 2210 874 2268 tua
896 2200 1037 2268 candIda
1058 2211 1204 2286 possunt,

330 2313 461 2398 Appula
482 2332 545 2378 non
568 2332 631 2378 uno
654 2333 738 2396 quae
760 2332 860 2396 grege
882 2319 968 2378 terra
988 2313 1072 2380 tulit.

289 2425 340 2489 'Iu
362 2431 490 2509 spectas
512 2425 650 2490 hiemem
673 2425 825 2490 succincti
849 2424 956 2518 lentus
978 2425 1072 2490 amici
1121 2446 1124 2455 ·

204 2564 409 2574 ——-—-————

305 2646 397 2702 XLVI
416 2650 440 2701 ³.
459 2643 618 2701 Conlucent
641 2647 753 2701 TXAo
780 2646 924 2702 collucent
941 2647 1000 2700 Bc
1020 2648 1089 2700 Seia
1119 2647 1267 2716 perlucent
1287 2651 1336 2712 PQ

202 2735 226 2784 lt.
246 2730 363 2801 Appula
380 2752 401 2783 ω
430 2729 528 2799 Apula
545 2731 722 2788 EXABOF.

304 2935 396 2991 XLVI
412 2938 434 2988 1.
455 2935 619 2992 Ovid.'Ih.V
632 2939 656 3002 6,
664 2938 696 2990 38
709 2937 825 2993 Florida
837 2953 921 3009 qnam
932 2937 1036 2994 multas
1044 2937 1138 3010 Hybla
1149 2945 1244 2995 tuetur
1257 2955 1334 3008 apes.

271 3136 294 3187 7.
326 3135 452 3188 Sumam.
473 3134 572 3190 Einem
589 3133 752 3191 Wucherer.
782 3134 846 3206 Vgl.
864 3134 921 3190 VII
938 3137 981 3199 92,
1002 3137 1025 3189 ³.

269 3222 293 3275 8.
324 3221 436 3274 Phoebo.
472 3219 619 3278 Ebenfalls
643 3220 685 3277 als
709 3220 864 3277 Wucherer
887 3226 1014 3290 genennt
1034 3219 1166 3286 V120,l
1199 3221 1240 3276 IX
1257 3224 1333 3287 921

201 3306 362 3371 inruat.

283 3390 395 3445 Phileto.
426 3390 485 3446 Nur
504 3392 571 3447 hier.

269 3476 367 3531 XLVI.
386 3479 410 3531 2.
440 3476 481 3530 IX
501 3480 541 3542 13,
562 3479 577 3529 2
595 3475 665 3532 Cum
689 3479 774 3533 breue
792 3475 949 3544 cecropiae
974 3490 1023 3531 ver
1039 3476 1214 3546 populantur
1232 3493 1309 3547 apes.

273 3560 396 3615 Sdaatice
413 3591 447 3601 —
460 3580 523 3632 apes
542 3587 573 3608 =
592 3564 634 3618 XI
651 3568 675 3628 8,
695 3565 718 3616 8.
748 3561 814 3632 Vgl.
835 3560 909 3617 auch
927 3559 1002 3619 XIII
1018 3563 1076 3614 104.

270 3652 293 3700 3.
321 3648 408 3716 preli.
441 3648 561 3705 Pressen
579 3649 693 3705 dienten
711 3648 785 3703 auch
803 3663 866 3703 num
883 3645 1094 3703 Auibewahren
1114 3663 1171 3702 von
1189 3647 1330 3704 Kleidern.

200 3733 239 3788 XI
259 3737 283 3799 8,
302 3735 317 3785 5
335 3732 378 3787 De
396 3732 534 3790 Palatinis
559 3735 665 3790 domini
684 3734 761 3803 quod
786 3733 877 3789 serica
900 3733 996 3803 prelis.

268 3820 344 3873 3-6.
374 3819 428 3874 Die
446 3827 609 3889 genannteu
626 3819 790 3888 Gattnngen
809 3835 866 3874 von
882 3818 1163 3888 Kleidnngsstilcken
1186 3820 1262 3875 siud:
1287 3821 1334 3876 die

199 3906 314 3961 lucerua
337 3905 458 3970 (hlautel)
487 3907 659 3976 (hiatquardt
681 3905 737 3960 Prl.
755 3907 823 3970 5511),
848 3905 894 3961 die
916 3905 1058 3975 synthesis
1078 3903 1256 3968 (Talellrleidi
1286 3906 1333 3969 (Zu

198 3990 225 4045 V
250 3993 290 4056 79,
309 3993 333 4056 2,
356 3990 521 4061 ldarquardt
538 3991 592 4047 Prl.
614 3989 712 4056 3121.)
731 3992 790 4046 und
808 3992 854 4046 die
872 3997 949 4060 toga.

267 4079 292 4131 6.
321 4079 442 4146 Appula.
477 4076 554 4133 Stets
572 4077 623 4132 mlt
640 4076 739 4146 langer
757 4083 845 4132 erster
863 4075 949 4131 Silbe.
986 4074 1148 4130 Lachmann
1166 4077 1203 4131 ad
1221 4075 1333 4132 Lucret.

199 4180 226 4231 p.
245 4167 286 4217 37.
320 4163 374 4218 Die
395 4162 554 4232 Apulische
577 4160 671 4218 Wolle
693 4178 751 4217 war
774 4162 804 4216 iu
825 4161 928 4217 Italian
955 4161 1001 4215 die
1024 4161 1112 4216 heste.
1152 4161 1221 4215 VIII
1240 4163 1280 4226 28,
1300 4164 1332 4213 co

199 4249 266 4304 XIV
286 4252 333 4302 155
351 4250 410 4304 und
429 4250 476 4304 die
493 4248 540 4304 bei
559 4247 692 4303 Blllmner
710 4246 737 4303 S.
758 4250 800 4300 121
825 4243 1012 4317 angelithrten
1029 4246 1144 4302 Stellen.

268 4339 290 4389 7.
320 4335 443 4389 binnam:
462 4333 521 4390 Das
538 4332 663 4389 Prienen.
