2978 4988
233 354 295 416 404
644 354 679 408 M.
697 353 803 410 Valerii
821 354 958 412 Martialis

182 598 185 605 ,
277 530 293 583 5
318 523 482 589 Probitate
504 525 638 606 Macros,
663 528 828 609 aequitate
849 528 1019 608 Mauricos,

317 632 469 699 Oratione
492 637 644 720 Regulos,
668 639 747 703 iocis
770 640 903 704 Paulos:

317 745 522 829 Robiginosis
545 757 659 814 enneta
681 749 832 815 dentibus
855 748 949 816 rodit.

315 857 485 923 Hominem
507 861 684 944 malignum
707 861 816 942 forsan
839 880 912 927 esse
932 870 968 928 tu
991 861 1120 928 credas:

314 968 384 1052 Ego
407 989 480 1036 esse
502 973 653 1037 misemm
676 972 782 1053 credo,
807 974 858 1038 oui
880 972 988 1057 planet
1010 994 1114 1040 nemo.

731 1137 854 1200 XXIX.

314 1242 349 1308 Si
372 1244 500 1326 quando
522 1246 664 1328 leporem
687 1248 787 1313 mittis
809 1234 898 1326 mihi,
922 1248 1042 1329 Gellia,
1067 1247 1164 1315 dieis:

358 1356 543 1421 »Formosus
565 1365 699 1441 septem,
723 1360 840 1443 Meroe,
865 1358 980 1425 diebus
1003 1360 1092 1425 eris«

314 1464 349 1530 Si
372 1486 436 1532 non
459 1468 596 1548 derides,
620 1471 648 1535 si
671 1490 793 1550 verum,
815 1469 872 1535 lux
895 1491 977 1551 mea,
1001 1491 1125 1553 narras,

355 1579 459 1644 Edisti
482 1601 656 1664 nunquam,
681 1581 797 1660 Gellia,
820 1590 855 1648 tu
877 1583 1028 1666 leporem.

327 1819 431 1873 XXIX.
462 1821 525 1876 Ael.
540 1821 683 1891 Lamprid.
703 1822 753 1876 vit.
771 1822 925 1877 Alexandri
944 1822 1039 1878 Severi
1059 1839 1082 1878 e.
1101 1825 1134 1875 38
1152 1823 1232 1880 multi
1251 1834 1363 1894 septem

226 1905 326 1961 diebus
343 1906 479 1976 pulchros
492 1921 554 1962 esse
567 1908 673 1972 dieunt,
687 1908 735 1975 qui
748 1906 872 1974 leporem
885 1909 1064 1974 comederint,
1084 1916 1115 1964 ut
1126 1909 1263 1966 Martialis
1275 1912 1363 1968 etiam

226 1993 398 2061 epigramma
408 1992 558 2062 significat,
569 1994 647 2062 quod
657 2000 756 2048 contra
766 1994 907 2061 quandam
917 1993 1036 2048 Gelliam
1049 1996 1165 2064 scripsit
1173 1996 1258 2066 hujus
1272 2000 1363 2054 modi:

396 2077 467 2133 Cum
485 2079 609 2147 leporem
627 2079 723 2143 mittis,
742 2094 853 2147 semper
870 2080 947 2144 mibi,
968 2079 1068 2145 Gellia,
1087 2082 1219 2138 mandas:

432 2163 557 2233 »Septem
576 2164 724 2229 formosas,
742 2164 843 2229 Marce,
863 2166 963 2221 diebus
981 2166 1057 2222 sris«

395 2250 425 2305 Si
443 2265 538 2305 verum
558 2250 639 2314 dicis,
658 2252 681 2306 si
700 2266 804 2313 verum,
823 2249 923 2312 Gellia,
944 2252 1070 2316 mandas,

429 2335 522 2391 Edisti
540 2352 692 2405 nunquam,
711 2336 811 2402 Gellia,
830 2344 862 2391 tu
880 2337 1011 2406 leporem.

222 2562 294 2600 men.
332 2544 411 2599 Ruso
430 2543 468 2598 ist
486 2542 532 2597 ein
551 2557 708 2610 cognomen
726 2543 776 2597 der
794 2513 928 2598 cromatii
947 2544 1005 2599 und
1023 2543 1147 2600 Calvisii.
1175 2543 1221 2599 SG
1240 2546 1359 2602 111445.

220 2631 286 2702 Vgl.
318 2629 433 2685 Asbaeh
464 2626 697 2682 Consulariasten
727 2630 828 2680 bS—‘lb
858 2629 969 2684 Rhcinl.
999 2629 1115 2685 Jahrbb.
1144 2629 1263 2685 LXXIX
1293 2636 1361 2688 1885

222 2717 249 2773 S.
269 2719 318 2768 152
331 2715 352 2770 t'.
375 2717 413 2779 ξΡ.
432 2714 573 2768 Caluinius
591 2714 691 2775 Ruso).

289 2806 312 2854 5.
332 2802 449 2854 Macros.
485 2799 615 2865 Gemeint
636 2800 673 2854 ist
695 2797 930 2853 wahrscheinlieh
953 2800 1003 2854 der
1020 2800 1121 2866 Macer,
1146 2819 1182 2856 an
1200 2804 1257 2857 den
1279 2804 1306 2857 X
1326 2808 1360 2858 17

219 2891 279 2945 und
292 2893 324 2941 ts
336 2886 477 2957 gerichtet
495 2885 567 2950 sind,
586 2901 629 2938 wo
648 2899 678 2938 er
696 2883 835 2940 ebensalls
854 2885 896 2941 als
909 2885 1115 2941 reehtschaffen
1133 2888 1263 2957 geriibmt
1275 2891 1357 2947 wird.

220 2976 301 3032 Naeh
319 2973 345 3026 X
366 2976 394 3024 ll
413 2988 472 3025 war
490 2986 520 3025 er
537 2977 650 3025 curator
668 2970 732 3024 viae
749 2969 872 3038 Appiae,
891 2972 967 3025 dann
985 2972 1058 3026 nach
1075 2972 1101 3025 X
1114 2976 1146 3025 ts
1163 2974 1276 3043 legatus
1295 2976 1359 3032 An-

220 3060 297 3132 gusti
316 3075 368 3129 pro
387 3064 517 3126 praetore
535 3056 565 3110 in
583 3055 751 3110 Dalmatien.
788 3055 833 3110 SG
852 3072 921 3110 aa.
941 3055 972 3110 0.

288 3145 435 3200 Mauricos.
458 3144 515 3198 Der
534 3143 594 3197 bier
611 3142 751 3211 gemeinte
765 3142 862 3197 lunius
874 3142 1014 3197 Mauricus
1032 3143 1117 3208 kann,
1136 3146 1178 3200 als
1197 3146 1258 3201 dies
1271 3147 1355 3204 Bueb

223 3233 269 3298 [im
286 3231 390 3286 Herbst
408 3231 449 3292 89)
468 3228 605 3292 erscbien,
624 3227 699 3281 noch
717 3227 798 3282 nieht
816 3228 956 3283 verbannt
972 3244 1102 3297 gcwesen
1121 3231 1190 3285 sein.

287 3321 312 3369 6.
336 3317 461 3384 Repulos.
498 3314 538 3367 Zu
557 3315 570 3367 I
591 3315 630 3367 12.

288 3403 395 3456 Paulos.
432 3399 514 3453 Aucb
537 3401 587 3453 der
610 3399 671 3454 hier
688 3399 829 3468 gemeinte
848 3399 954 3454 Paulus
973 3400 1011 3455 ist
1028 3401 1109 3456 nicht
1126 3402 1177 3456 mit
1194 3401 1358 3462 Sieherheit

217 3506 253 3544 zu
270 3487 443 3544 bestimmen

285 3571 380 3626 XXIX
400 3573 422 3621 1.
441 3571 465 3619 2.
499 3568 569 3622 Prin.
587 3568 621 3622 N.
639 3567 667 3622 h.
688 3568 812 3623 XXVIII
831 3571 880 3621 260
905 3588 1018 3626 somnos
1037 3570 1096 3626 fieri
1120 3573 1216 3642 lepore
1239 3584 1358 3644 sumpto

216 3662 246 3715 iu
265 3661 336 3716 cibis
355 3657 426 3712 Cato
445 3654 642 3719 arbitrabatur,
662 3657 765 3724 volgus
784 3662 813 3710 et
830 3657 949 3726 gratiam
968 3658 1095 3726 corporis
1114 3659 1143 3713 in
1160 3676 1262 3714 novem
1282 3663 1354 3728 dies,

216 3745 319 3802 frivolo
338 3744 449 3815 quidem
467 3741 540 3806 ioco,
560 3741 606 3795 cui
624 3748 719 3796 tamen
736 3742 832 3812 aliqua
849 3742 966 3798 subesse
985 3744 1089 3799 debeat
1106 3761 1209 3801 caussa
1226 3748 1255 3801 in
1274 3755 1357 3804 tanta

215 3831 409 3902 persuasione.
439 3828 471 3881 ll.
484 3827 519 3881 Α.
532 3826 615 3881 Alex.
637 3826 731 3881 Seuer.
754 3844 778 3881 c.
799 3830 832 3879 38
850 3835 880 3883 et
898 3831 1030 3899 quoniam
1049 3832 1084 3885 de
1103 3831 1258 3900 lepusculis
1277 3832 1357 3890 iacta

216 3925 260 3974 est
278 3917 393 3979 mentio,
414 3914 491 3983 quod
509 3913 557 3968 ille
576 3915 700 3982 leporem
720 3914 825 3968 cotidie
844 3915 969 3979 haberet,
990 3916 1072 3971 iocus
1090 3919 1222 3985 poeticus
1240 3922 1357 3977 emersit

215 4004 332 4066 idoneo,
354 4002 431 4072 quod
449 4000 529 4055 multi
548 4007 658 4069 septem
676 4000 777 4055 diebus
795 4000 931 4067 pulchros
949 4017 1012 4056 esse
1032 4003 1131 4059 dieunt
1148 4006 1259 4073 eosqui
1273 4006 1355 4075 lepo-

215 4106 274 4145 rem
293 4087 473 4150 comederint,
492 4093 525 4140 ut
535 4085 672 4141 Martialis
691 4085 775 4141 etiam
794 4086 966 4155 epigramma
984 4088 1136 4158 algnificat,
1157 4091 1232 4159 quod
1252 4100 1355 4148 eontra

216 4174 358 4245 quandam
378 4172 497 4227 Gelliam
516 4171 631 4239 scripsit
649 4171 809 4226 huiusmodi
826 4201 861 4210 -
872 4201 906 4212 -
918 4203 950 4212 —
964 4175 1015 4229 sed
1034 4175 1087 4231 lros
1104 4191 1203 4231 versus
1216 4176 1356 4236 Martialis

214 4265 245 4316 in
263 4276 335 4323 eam,
356 4274 429 4328 qnae
448 4257 581 4313 deformis
600 4263 684 4322 esset,
704 4257 873 4325 composuit.

285 4348 308 4398 3.
328 4347 374 4400 lux
392 4363 458 4398 ntea.
495 4342 560 4412 Vgl.
579 4342 635 4396 Vll
656 4344 695 4407 14,
718 4346 739 4394 l.
