2978 4988
222 351 285 414 240
630 349 664 403 Μ.
683 348 790 403 Valerii
807 348 945 406 Martialis

309 520 454 585 Fratrem
477 527 509 585 tu
531 526 626 586 vouut
649 527 680 586 et
702 539 792 586 soror
814 527 955 587 vouatur.

310 630 376 696 Cur
397 650 455 697 vos
477 632 608 697 uomina
628 632 785 714 nequiora
806 635 964 716 tuugunti

270 751 286 804 5
310 741 419 820 Quare
441 763 504 809 nou
526 744 617 808 iuvat
639 742 701 809 hou
722 742 809 826 quod
831 745 910 810 ustis
932 747 1025 809 esset

309 855 430 919 Lusum
453 853 583 920 eruditis
605 853 666 920 hou
688 855 880 938 iocumquui
916 856 989 921 Non
1011 862 1075 920 est:

308 966 452 1045 Matrem,
476 986 561 1049 quau
583 967 674 1050 eupit
694 985 766 1032 esse
789 986 825 1032 uu
847 985 996 1044 uotorum,

309 1077 379 1143 Neu
400 1085 536 1143 matrem
558 1078 650 1142 iuvut
671 1097 744 1143 essu
766 1097 826 1143 neu
848 1097 996 1144 sororum.

773 1217 812 1281 V.

310 1326 359 1390 Ne
382 1325 522 1408 valeam,
547 1327 575 1390 si
597 1345 661 1391 uon
683 1327 770 1407 totis,
795 1325 949 1407 Deciano,
974 1326 1089 1393 diebus

352 1437 394 1503 Et
415 1443 521 1503 tecum
543 1438 619 1503 totis
639 1436 788 1503 nuutibus
811 1456 884 1504 esso
906 1437 1012 1504 velim.

310 1547 376 1614 Sed
398 1547 462 1614 duo
485 1555 560 1614 suut
581 1567 666 1631 quae
687 1567 746 1614 nou
769 1547 958 1633 disiungunt
978 1550 1070 1615 milia
1091 1568 1237 1634 pausum:

352 1658 510 1738 Quattuor
531 1658 613 1726 haee
633 1657 723 1740 fiunt,
747 1680 819 1726 uum
841 1659 1003 1727 rediturus
1026 1679 1108 1726 eum.

269 1778 286 1832 5
311 1769 417 1855 Saepe
439 1770 526 1837 domi
548 1791 613 1837 nou
635 1791 683 1855 es,
708 1791 780 1837 uum
803 1774 848 1838 uis
871 1791 1008 1856 quoque,
1032 1791 1131 1857 saepe
1152 1774 1297 1856 negaris.

352 1882 411 1948 Vel
435 1889 559 1949 tautum
582 1884 690 1950 tausis
713 1884 766 1950 vel
790 1884 849 1950 tibi
872 1902 971 1968 saepe
993 1902 1101 1949 vacus.

311 1993 359 2058 Te
381 2000 489 2061 tamen
511 2002 547 2061 ut
568 1994 711 2076 videam,
734 1996 798 2061 duo
820 1995 912 2061 milia
933 2015 997 2061 uon
1019 1995 1110 2080 piget
1132 1996 1195 2060 ire:

352 2105 396 2172 Ut
418 2111 450 2171 te
472 2125 535 2171 ιιοιι
557 2106 696 2186 videam,
721 2113 872 2189 quattuor
893 2107 941 2172 ire
962 2107 1064 2191 piget.

761 2244 817 2309 VI.

307 2354 323 2417 I
345 2374 438 2429 nuno,
463 2353 560 2420 edere
581 2374 634 2420 mu
655 2355 732 2420 iube
753 2354 892 2420 libellos.

308 2464 416 2531 Leutis
439 2467 494 2530 vix
517 2466 575 2531 tibi
598 2467 728 2550 paginis
751 2464 877 2531 duabus

324 2618 350 2673 V
370 2623 393 2674 7.
412 2622 437 2674 8.
458 2621 563 2689 Interp.
581 2621 648 2673 ,aaut
671 2619 784 2675 uiuunt.
816 2620 900 2673 Scin:
918 2620 967 2685 ire,
985 2619 1097 2675 videam
1116 2619 1271 2685 (beidemale)
1291 2620 1357 2674 ohne

224 2704 328 2773 Interp.
678 2722 696 2744 ,-

325 2839 366 2895 IV
384 2843 409 2892 6.
433 2839 553 2906 (Terent
571 2843 643 2897 Eun.
660 2842 754 2908 113,u
773 2842 882 2898 Ludum
898 2840 1053 2911 jocumque
1072 2842 1149 2898 dicet
1166 2842 1255 2899 fuiuuo
1278 2842 1357 2898 illum

223 2922 353 2982 ulturum.‘
382 2925 476 2995 Priup.
494 2930 536 2993 43,
555 2929 570 2979 2
598 2927 695 2985 Nolito
713 2928 821 2992 omniu,
847 2943 920 2997 quae
937 2926 1051 2996 loquor,
1075 2935 1175 2996 putare
1193 2927 1246 2984 Per
1264 2928 1356 2984 lusum

221 3011 289 3067 mihi
307 3026 360 3081 pur
372 3011 528 3082 jocumque
546 3013 623 3080 dici).

291 3134 316 3187 3.
337 3131 464 3187 Fratrem
480 3163 516 3172 —
532 3151 616 3189 uror.
651 3132 871 3204 Buueuuuugeu,
891 3132 937 3188 diu
955 3133 993 3189 im
1010 3133 1273 3204 guschleuhtliuheu
1284 3134 1356 3190 Ver·

221 3218 292 3274 kehr
309 3218 466 3288 gebruueht
483 3220 607 3286 wurdun,
626 3218 713 3275 daher
729 3219 843 3275 nomina
863 3218 1008 3290 nequiora.
1050 3218 1115 3289 Vgl.
1137 3218 1164 3272 X
1181 3223 1223 3285 65,
1246 3222 1276 3273 15
1300 3219 1356 3274 XII

222 3306 254 3357 20
272 3305 331 3360 und
350 3304 396 3360 diu
413 3304 547 3360 Erklitrer
565 3304 722 3362 uuPutrou.
740 3321 765 3360 u.
783 3306 829 3357 127
843 3303 975 3360 feminum
993 3311 1121 3361 oruutum
1139 3310 1169 3360 et
1190 3304 1246 3360 hoo
1264 3306 1355 3373 primo

222 3406 297 3445 ιιιιιιο
315 3390 405 3445 virum
423 3397 568 3459 expertum
584 3392 707 3448 concilio
721 3391 781 3457 tibi,
801 3389 956 3461 0Juveuis,
969 3406 1102 3447 sororum.
1127 3388 1223 3446 Habes
1242 3390 1355 3459 quidem

222 3480 251 3530 et
274 3473 403 3542 fratrum,
426 3490 518 3546 uequu
542 3477 615 3532 euim
639 3492 683 3532 me
705 3476 799 3547 piguit
822 3477 973 3546 iuquiruru;
1004 3477 1056 3532 uod
1078 3473 1147 3544 quid
1170 3474 1303 3542 prohibet
1327 3482 1356 3530 et

222 3574 346 3616 sororum
363 3561 520 3629 adoptaret

290 3649 314 3702 4.
336 3651 460 3716 tanqunt:
478 3646 581 3703 ruizuu.
617 3647 698 3704 Ovid.
718 3647 844 3716 Metuph.
864 3646 890 3701 X
907 3649 958 3700 614
981 3645 1042 3702 Neu
1066 3644 1156 3701 formu
1174 3651 1283 3715 tangor,
1303 3662 1355 3713 po-

222 3737 310 3786 torum
328 3737 422 3787 tumen
440 3732 495 3787 hac
513 3748 626 3803 quoque
644 3734 733 3803 tungi.

292 3820 506 3872 utmorem.
544 3818 703 3885 zulut.

291 3903 326 3959 V.
347 3903 444 3975 vgl.1
465 3907 522 3959 108.

294 3991 316 4041 l.
337 3988 465 4044 Decium.
501 3989 617 4045 Zu18.

293 4094 325 4128 ne
343 4075 557 4131 valeamalv
575 4076 617 4141 31,
635 4078 661 4129 3.
698 4074 874 4141 Zu139,8.

291 4160 315 4211 3.
331 4176 451 4228 pausum.
485 4160 579 4217 Uebur
596 4160 674 4216 dieue
691 4160 775 4215 Form
793 4159 845 4215 deu
863 4157 992 4214 Genitivu
1014 4158 1092 4214 Neue
1111 4159 1250 4214 Formenl.
1274 4159 1287 4212 Ι
1306 4161 1359 4210 376

222 4242 242 4299 s.
262 4243 386 4300 Lutuller
403 4262 425 4300 r.
446 4263 482 4301 m.
502 4262 530 4316 p.
549 4247 609 4299 256.

289 4329 340 4385 VI.
364 4333 385 4384 l.
407 4332 428 4385 I
442 4349 519 4385 nune.
555 4330 596 4385 Ζιι
614 4329 653 4399 Sp
672 4331 713 4395 23,
732 4332 756 4382 6.
