2978 4988
215 350 279 415 458
622 347 659 403 Μ.
680 347 786 402 Valerii
803 346 940 403 Martialis

305 520 420 584 Hicine
442 517 575 584 deflebit
597 537 673 584 vero
694 527 752 585 tua
774 518 843 584 fato
864 517 993 584 dolorei

348 631 384 695 Si
407 632 507 715 cupis,
530 637 565 695 ut
586 630 702 713 ploret,
727 628 795 708 des,
818 630 973 709 Mariano,
998 629 1088 694 nihil.

727 784 842 848 LXIV.

307 897 387 963 Cum
411 897 456 962 sis
478 915 538 961 neo
561 895 667 980 rigida
688 895 862 961 Fabiorum
884 901 983 979 gente
1005 902 1133 961 oreatus

305 1009 374 1074 Neo
397 1007 526 1090 qualem
550 1006 654 1085 Curio,
680 1005 756 1072 dum
778 1005 917 1090 prandia
938 1013 1046 1090 portat
1068 1008 1184 1088 aranti,

305 1120 439 1185 Hirsuta
460 1120 586 1202 peperit
608 1117 769 1201 deprensa
791 1117 850 1184 sub
873 1117 948 1184 ilioe
970 1119 1117 1198 coniunx,

307 1229 374 1296 Sed
396 1231 497 1313 patris
520 1229 563 1295 ad
586 1231 752 1312 speculum
774 1230 859 1295 tonsi
882 1230 1059 1312 matrisque
1081 1235 1213 1313 togatae

266 1350 284 1405 5
308 1342 411 1407 Filius
435 1347 467 1406 et
489 1341 592 1424 possit
613 1359 764 1423 sponsam
787 1346 820 1405 te
842 1359 962 1424 sponsa
984 1359 1111 1406 vocare:

307 1450 489 1517 Emendare
511 1470 609 1527 meos,
632 1470 712 1534 quos
735 1453 825 1517 novit
846 1451 942 1532 fama,
965 1451 1094 1518 libellos

307 1565 349 1630 Et
371 1563 430 1628 tibi
453 1563 611 1646 permittis
634 1562 745 1628 felices
768 1581 901 1647 earpere
923 1581 1042 1646 nugas,
1066 1598 1109 1610 -

308 1676 387 1754 Has,
410 1675 552 1755 inquam,
575 1692 689 1756 nugas,
713 1673 830 1756 quibus
853 1694 963 1739 aurem
986 1673 1155 1739 advertere
1178 1680 1284 1740 totam

309 1787 382 1852 Non
405 1793 617 1868 aspernantur
640 1804 788 1868 proeeres
810 1784 964 1869 urbisque
986 1785 1118 1868 forique,

248 1907 285 1961 10
311 1896 399 1975 Quas
423 1902 456 1961 et
478 1897 625 1980 perpetui
648 1895 822 1980 dignantur
844 1897 963 1962 serinia
986 1895 1046 1962 Sili

309 2010 351 2074 Et
372 2009 490 2092 repetit
512 2009 629 2072 totiens
652 2007 790 2073 facundo
814 2009 957 2091 Regulus
980 2027 1043 2086 ore,

310 2119 437 2201 Quique
458 2117 548 2184 videt
570 2119 701 2203 propius
723 2121 833 2203 magni
856 2120 1034 2185 certamina
1056 2117 1140 2184 Circi

311 2229 439 2296 Laudat
460 2229 642 2295 Aventinae
664 2230 789 2295 vieinus
812 2230 895 2295 Sura
916 2231 1053 2307 Dianae,

309 2344 385 2426 Ipse
408 2341 505 2406 etiam
528 2347 617 2406 tanto
640 2339 787 2406 dominus
810 2342 870 2407 sub
893 2340 1035 2426 pondere
1057 2359 1162 2405 rerum

250 2462 285 2518 15
309 2453 382 2518 Non
405 2451 600 2536 dedignatur
621 2451 671 2516 bis
694 2459 807 2535 terque
829 2456 995 2534 revolvere
1019 2451 1150 2516 Caesar.

312 2563 378 2630 Sed
401 2563 460 2628 tibi
482 2564 555 2646 plus
577 2564 706 2644 mentis,
730 2564 790 2629 tibi
813 2583 866 2629 eor
887 2566 1020 2629 limante
1042 2563 1188 2626 Minerva

311 2676 425 2741 Aorius
448 2681 615 2740 attenues
638 2673 799 2740 finxerunt
821 2682 933 2758 peetus
956 2673 1112 2739 Athenae.

311 2787 362 2852 Ne
385 2785 522 2865 valeam,
547 2785 576 2849 si
602 2805 666 2850 non
688 2786 788 2850 multo
812 2787 898 2869 sapit
920 2784 1018 2849 altius
1040 2783 1131 2864 illud,

229 2911 435 2922 Ι--------

328 2966 420 3021 LXIV
438 2969 462 3017 3.
493 2966 633 3034 deprensa
661 2965 686 3017 Τ
703 2965 772 3017 Sola
812 2964 1007 3030 rubionlolnda
1030 2963 1131 3024 QEFo
1152 2963 1209 3015 Ser.

229 3076 434 3084 ..-.--.--——

331 3127 423 3183 inv
444 3129 482 3179 12.
514 3125 595 3182 Ovid.
615 3127 658 3181 Ex
676 3126 706 3180 P.
726 3126 782 3189 14,
803 3129 833 3179 15
853 3125 922 3180 eirei
939 3155 973 3165 —
992 3125 1153 3180 certamina.

295 3299 386 3354 LXIV
407 3301 479 3352 1-3.
523 3299 638 3362 111118,
659 3301 672 3348 7
696 3300 756 3352 118
788 3297 896 3364 Quaere
915 3297 1037 3365 aliquem
1061 3294 1160 3351 Curios
1180 3310 1293 3365 semper
1311 3298 1371 3354 Fa-

226 3386 346 3455 biosque
367 3384 528 3455 loquentem
546 3383 690 3438 Hirsutum
715 3389 744 3438 et
762 3383 833 3438 dura
854 3382 1014 3438 rusticitate
1038 3387 1152 3436 trucem.
1187 3380 1371 3448 1111213.

295 3476 319 3523 4.
352 3470 405 3522 sed
416 3469 508 3538 patrie
525 3470 561 3522 ad
576 3470 711 3538 speculum
729 3467 805 3520 tonsi.
835 3467 907 3522 VIII
926 3468 1005 3533 52st
1031 3463 1155 3521 Censura
1175 3467 1286 3533 speculi
1305 3486 1373 3524 mtt-

226 3571 293 3612 num
310 3561 434 3624 regente.

209 3689 215 3701 ,
296 3645 408 3709 togatae.
440 3638 481 3694 Zu
498 3640 526 3693 Π
546 3642 587 3706 39,
605 3641 628 3691 2.

296 3728 319 3778 6.
351 3744 415 3795 quoe
432 3725 505 3778 nouit
517 3730 607 3796 sama.
637 3725 651 3778 l
670 3728 709 3790 39,
729 3727 744 3776 2
768 3725 922 3790 Quales-
940 3723 1016 3779 sama
1034 3724 1115 3778 novit
1133 3737 1213 3778 anus.

295 3814 320 3864 7.
350 3829 442 3883 tropas.
474 3811 621 3874 anild,
640 3812 663 3861 e.
1252 3860 1255 3865 .

299 3901 337 3950 10.
368 3897 423 3951 Vll
441 3899 482 3963 63,
506 3900 517 3949 1
538 3896 672 3964 Perpetui
691 3911 833 3966 nunquam
851 3895 986 3950 moritura
1003 3894 1148 3949 volumina
1166 3890 1226 3948 Sili.

208 4015 214 4026 .
297 3986 337 4036 11.
369 3984 498 4054 esaim.
530 3981 660 4036 Zaira.

300 4071 338 4122 12.
368 4068 440 4122 videt
454 4068 578 4138 propius.
609 4066 648 4121 Zu
667 4065 706 4135 Sp
725 4066 753 4119 II
774 4068 784 4116 l
805 4066 863 4120 und
882 4066 896 4119 I
914 4069 955 4130 49,
977 4067 1017 4117 13,

299 4157 338 4208 13.
370 4155 449 4208 Sura.
481 4154 611 4217 Ζ11149,
631 4155 672 4206 40.

300 4243 339 4293 li.
370 4240 499 4292 doetrinae.
532 4239 571 4292 Zu
589 4237 630 4292 IV
648 4238 689 4303 28,
709 4241 731 4289 5.

298 4327 338 4377 18.
358 4324 439 4378 illud.-
458 4339 507 4380 eor
524 4323 674 4393 pecudum.
