2978 4988
364 357 595 427 Epigrammston
612 357 696 414 Liber
713 356 739 411 V
759 357 839 422 (editt
855 356 959 414 Herbst
976 359 1029 421 89).
1208 363 1271 426 429

647 528 782 594 LXXX.

222 637 294 700 Non
316 642 416 700 totam
438 634 526 713 mihi,
551 635 578 699 si
600 633 741 712 vacabis,
766 634 886 712 horam,

224 747 332 811 Dones
355 755 387 813 et
408 747 484 812 lieet
506 747 654 830 imputes,
676 744 806 823 Severe,

222 859 307 922 Dum
321 867 455 924 nostras
477 858 559 941 legis
582 858 751 940 exigisque
773 875 886 941 nugas.

221 970 359 1035 »Durum
382 974 432 1034 est
454 967 590 1053 perdere
612 967 739 1033 serisso:
764 986 925 1052 rogamus,

181 1088 198 1143 5
222 1082 382 1146 Iacturam
405 1081 540 1163 patiaris
562 1079 647 1144 hano
668 1079 828 1162 ferasque.

224 1189 317 1269 Quod
339 1193 367 1256 si
389 1191 509 1275 legeris
532 1192 596 1257 ista
618 1209 690 1255 oum
714 1189 835 1257 diserto

223 1340 261 1351 —
286 1300 352 1367 Sed
375 1300 531 1385 numquid
553 1320 663 1366 sumus
686 1302 843 1387 improbi?
864 1340 906 1350 —
929 1301 1086 1385 Secundo,

221 1416 298 1479 Plus
320 1416 419 1479 multo
442 1414 500 1479 tibi
523 1412 691 1478 debiturus
713 1413 766 1479 hio
788 1420 846 1494 est,

221 1524 325 1604 Quam
348 1525 446 1590 debet
468 1523 595 1589 domino
619 1543 688 1603 suo,
713 1524 851 1590 libellus.

162 1645 197 1700 10
221 1638 304 1702 Nam
327 1655 459 1702 securus
481 1637 550 1714 erit,
575 1655 635 1701 neo
656 1636 802 1717 inquieta

222 1749 315 1813 Lassi
338 1766 497 1812 marmora
520 1746 653 1832 Sisyphi
676 1745 809 1826 videbit,

220 1857 322 1937 Quem
346 1860 493 1924 sensoria
514 1878 586 1922 oum
609 1877 680 1923 meo
704 1857 825 1923 Severo

221 1971 314 2035 Desii
336 1972 415 2034 lima
435 1968 641 2035 momorderit
663 1968 812 2035 Secundi.

220 2184 355 2268 Semper
375 2203 500 2268 pauper
522 2185 595 2263 eris,
619 2081 794 2269 dijpffler
817 2202 860 2263 es,
884 2184 1077 2250 Aemiliane.

264 2297 389 2362 Dantur
410 2313 488 2379 opes
510 2295 590 2360 nulii
612 2315 697 2360 nune
719 2295 781 2360 uisi
804 2293 968 2361 divitibus.

219 2507 304 2587 Quid
326 2508 536 2594 promittebas
558 2407 901 2590 millizddddf‘saure
926 2508 1077 2593 ducenta,

263 2620 299 2686 Si
322 2619 401 2686 dare
423 2641 488 2686 non
508 2627 637 2703 poteras
659 2621 761 2703 milia,
787 2620 904 2701 Gauro,
929 2619 1061 2686 deeemi

218 2732 270 2797 An
292 2739 383 2816 potes
406 2738 439 2796 et
460 2750 524 2796 non
546 2732 615 2797 visi
644 2733 742 2815 Rogo,
766 2751 829 2797 non
852 2738 902 2796 est
923 2732 1048 2815 turpius
1071 2732 1177 2799 istudi

264 2843 330 2922 †1,
354 2842 413 2908 tibi
435 2842 611 2928 dispereas,
636 2842 760 2909 Gauro:
790 2844 926 2928 pusillus
949 2842 1043 2909 homo
1066 2863 1110 2909 es.

234 2978 340 3033 LXXX
360 2981 383 3032 i.
411 2979 528 3036 vsosbis
548 2978 649 3041 QEFe
669 2980 719 3033 Sor
741 2978 846 3033 Gilbert
859 2997 890 3049 p.
911 2986 941 3033 21
989 2979 1107 3036 vaesbit
1124 2978 1266 3035 BOSolm.

132 3070 156 3118 5.
174 3065 230 3121 ista
244 3067 293 3127 PQ
327 3065 418 3133 ipsam
431 3064 548 3119 EXBO
562 3082 630 3119 οων.
653 3068 679 3119 O
713 3065 778 3134 ipss
787 3066 835 3119 Fu
870 3065 933 3133 ipse
947 3067 971 3126 Q
984 3066 1062 3118 Scin.

234 3149 369 3205 LXXXII
386 3152 411 3202 4.
443 3148 527 3204 ltibi
545 3150 691 3218 dispereas
707 3150 923 3213 PQEABCFO
936 3151 1005 3203 Seio
1040 3148 1070 3204 Sl
1088 3156 1108 3204 t
1126 3149 1155 3205 d.
1181 3150 1269 3205 TRX

134 3238 177 3292 lle
199 3237 251 3301 ¹tal.
265 3235 329 3300 Sie‘)
350 3235 403 3291 tibi
425 3238 451 3288 G
486 3234 500 3288 l
517 3234 569 3290 tibi
588 3236 737 3304 disperdas
756 3237 937 3306 Scaliqersor
969 3234 1007 3289 Di
1024 3235 1085 3299 tibi,
1104 3235 1264 3303 dispereas!

137 3327 238 3376 (irater
266 3322 327 3377 Vae
346 3321 411 3386 tibi,
430 3320 589 3389 dispeream
607 3323 669 3375 oder
686 3322 731 3376 Tu
748 3322 811 3386 nisi,
830 3321 989 3390 dispeream
1008 3322 1070 3374 Hm
1099 3320 1121 3385 I,
1139 3320 1192 3378 tibi
1205 3322 1264 3387 des,

133 3423 234 3476 pareas
242 3409 345 3461 Munro
363 3407 376 3460 l
389 3407 441 3463 tibi
451 3406 606 3475 disperdas
616 3407 780 3478 Grasierper
797 3407 811 3461 Ι
823 3406 938 3462 tumidis
951 3422 1054 3475 parcas
1067 3406 1262 3480 OHirsetseid.

177 3500 361 3583 —LXXXL
391 3526 522 3583 Vincent.
535 3526 643 3583 Bellov.
658 3525 705 3596 Sp.
719 3527 745 3583 d.
759 3526 785 3582 V
803 3529 835 3579 ts
852 3525 993 3583 llaroielis
1013 3542 1124 3596 coquus
1141 3525 1267 3596 ‚Semper

133 3642 168 3651 -
184 3611 322 3669 Emiliane
340 3643 374 3652 -
392 3613 545 3669 divitibus-⁸

199 3732 305 3787 LXXX
325 3737 346 3787 l.
376 3733 529 3787 riverolis
560 3733 588 3787 11
606 3735 666 3798 5,6
697 3732 749 3789 Vel
772 3739 881 3789 tuntum
905 3734 1015 3790 caussis
1037 3734 1084 3789 vel
1106 3733 1158 3789 tibi
1177 3748 1264 3802 saepe

133 3833 227 3873 vacas.
451 3821 474 3871 2.
505 3821 608 3873 Seuero.
639 3820 680 3874 Zu
697 3819 725 3874 ΙΙ
743 3821 767 3885 6,
786 3823 809 3872 3.

200 3906 225 3957 i.
255 3905 381 3958 Secundo.
411 3904 561 3960 Eutweder
574 3903 715 3961 Caecilius
729 3904 885 3970 Secundus,
898 3920 934 3960 sn
947 3904 1002 3958 deu
1013 3903 1069 3958 Vll
1080 3906 1112 3956 8⁴
1125 3903 1266 3972 gerlehtet

132 3990 171 4046 ist
188 3990 257 4045 odsr
275 3990 324 4046 der
338 3990 458 4060 jiiugere
476 3990 585 4046 Plinius
608 3991 672 4061 (vgl.
689 3991 716 4046 X
736 3994 767 4044 19
784 3992 843 4047 und
861 3991 1014 4046 Mommsen
1037 3988 1091 4044 Zur
1107 3987 1268 4060 Lebensge·

131 4074 260 4130 sehiehte
279 4075 329 4131 des
347 4076 456 4130 Plinius
474 4075 589 4132 Hermes
607 4076 650 4131 lll
669 4079 717 4141 lt).

203 4164 241 4212 ii.
272 4161 336 4230 Vgl.
355 4160 382 4214 X
400 4165 423 4226 5,
445 4162 475 4212 15
501 4159 583 4216 Nune
601 4161 721 4230 inquieti
739 4167 834 4216 monte
852 4159 967 4230 Sisyphi
986 4175 1108 4228 pressus.

200 4244 335 4301 LXXXll
357 4249 381 4299 i.
427 4244 492 4300 Von
523 4247 578 4300 deu
608 4247 774 4304 Versuehen
807 4263 856 4301 zur
882 4245 1062 4315 Herstellung
1092 4248 1143 4301 der
1172 4252 1266 4302 etstan

131 4330 292 4387 Vershiiiite
310 4331 349 4386 ist
366 4330 463 4386 lreiner
480 4329 685 4402 beiriedigend.

852 4422 871 4461 ο
