2978 4988
277 366 507 436 Epigrammaton
520 363 603 418 Liber
614 362 669 417 VII
688 363 769 427 (editt
779 362 935 419 December
947 365 1000 427 92).
1142 367 1204 430 513

571 535 699 600 LXXV.

157 669 214 734 Vis
237 668 319 733 futui
341 668 450 751 gratis,
475 684 545 730 cum
570 665 615 729 sis
638 662 789 729 deformis
812 683 967 746 anusque.

200 781 264 845 Res
287 776 482 862 perridicula
504 785 566 842 est:
591 777 641 841 vis
664 774 753 849 darc,
779 794 838 840 nec
861 773 939 840 dare
961 776 1020 842 vis.

1087 632 1114 671 0

558 954 705 1019 LXXVI.

157 1077 250 1158 Quod
272 1086 305 1143 te
327 1077 482 1159 diripiunt
503 1075 698 1159 potentiores

156 1210 216 1274 Per
239 1206 395 1283 convivia,
418 1205 568 1290 porticus,
593 1202 731 1283 theatra,

157 1321 197 1385 Et
218 1328 332 1393 tecum,
356 1317 503 1400 quotiens
526 1316 572 1380 ita
592 1312 742 1393 incidisti,

157 1430 285 1496 Gestari
308 1431 398 1494 invat
421 1435 453 1493 et
475 1428 565 1490 iuvat
586 1425 703 1490 lavari:

115 1550 132 1603 5
155 1541 264 1605 Nolito
287 1541 419 1604 nimium
442 1537 501 1602 tibi
523 1535 662 1620 placere.

156 1652 318 1729 Delectas,
341 1649 537 1727 Philomuse,
563 1665 626 1711 non
649 1647 777 1712 amaris.

555 1825 716 1890 LXXVII.

156 1957 278 2039 Exigis,
302 1962 337 2020 ut
359 1964 482 2022 nostros
505 1954 619 2020 donem
643 1953 713 2033 tibi,
739 1954 859 2035 Tucca,
883 1953 1022 2020 libellos.

197 2069 269 2134 Non
291 2068 422 2132 faciam:
447 2086 520 2131 nam
544 2067 594 2130 vis
616 2064 765 2144 vendere,
789 2085 852 2129 non
874 2067 991 2149 legere.

543 2246 722 2312 LXXVIII.

154 2378 234 2443 Cum
257 2377 412 2442 Saxetani
434 2382 572 2460 ponatur
595 2373 701 2440 canda
722 2372 833 2440 lacerti

196 2490 245 2569 Et,
270 2488 402 2554 bonosi
424 2506 531 2566 cenas,
554 2486 684 2552 conchis
706 2486 837 2551 inuncta
859 2485 930 2550 tibi:

154 2601 284 2676 Sumen,
304 2619 428 2684 aprum,
454 2598 607 2685 leporem,
633 2595 765 2676 boletos,
790 2604 904 2677 ostrea,
928 2597 1045 2663 mullos

195 2712 312 2778 Mittis:
337 2710 438 2775 habes
461 2728 521 2775 nec
543 2729 605 2789 cor,
628 2708 752 2792 Papile,
775 2726 835 2772 nac
856 2709 995 2792 genium.

555 2888 706 2953 LXXIX.

154 3020 268 3084 Potavi
291 3016 385 3083 modo
408 3017 577 3082 consulare
599 3017 720 3081 vinnm.

151 3127 296 3207 Quaeris,
320 3148 416 3210 qnam
439 3135 532 3192 vetus
555 3135 653 3210 atque
675 3127 832 3192 liberalct

133 3391 237 3447 LXXV
255 3395 279 3446 2.
304 3393 376 3446 dare.
414 3390 540 3455 tullo,
562 3393 584 3443 1.

133 3477 259 3533 LXXVI.
305 3477 368 3547 Vgl.
393 3475 438 3531 SG
456 3477 469 3530 Ι
488 3479 545 3540 387,
565 3478 588 3528 6.
630 3476 726 3533 Dcnkt
748 3477 783 3532 II.
810 3475 956 3532 vlelleicht
981 3476 1042 3532 hier
1071 3493 1107 3532 an
1134 3478 1195 3532 sich

65 3565 172 3619 selbot?

132 3648 278 3703 LXXVIII
299 3652 320 3703 1.
342 3652 367 3702 1.
393 3648 497 3705 Beidos
515 3649 630 3719 gotinge
644 3647 769 3717 Speiscn.
800 3648 911 3705 Lacerti
929 3648 1080 3719 gesalncne
1092 3648 1196 3704 Fischc

63 3737 92 3790 in
112 3733 236 3790 Sttlckcn
257 3735 308 3789 mit
331 3735 491 3805 gehackten
514 3734 598 3790 Eisrn
621 3734 808 3805 autgctragen
826 3735 852 3789 X
871 3737 912 3800 18,
933 3738 961 3786 11
993 3734 1035 3788 XI
1054 3737 1129 3799 21,3
1154 3734 1196 3788 XI

63 3823 104 3885 52,
119 3825 141 3874 t.
172 3819 333 3889 llarquardt
351 3819 406 3874 Prl.
425 3823 482 3885 316,
496 3822 519 3875 8.
551 3818 720 3876 Saxetanum
738 3820 767 3874 ln
785 3821 908 3877 Baetica.
932 3821 996 3875 ltin.
1009 3818 1076 3874 Ant.
1090 3835 1118 3888 p.
1133 3821 1194 3873 los.

63 3905 155 3963 Ueber
175 3904 291 3960 conchis
309 3920 344 3958 zu
361 3904 388 3959 V
406 3907 446 3967 39,
471 3908 509 3961 to.

131 3995 154 4046 3.
185 3989 347 4046 SitmmtIIch
374 3989 585 4046 Leckcrbisscn.
627 3990 681 4045 XII
708 3994 751 4057 11,
774 3994 790 4042 t
817 3989 908 4045 Cenat
933 3990 1061 4055 boletos,
1092 3996 1194 4055 ostrea,

62 4093 168 4143 sumen,
188 4093 293 4145 aprum.
322 4074 377 4128 XII
396 4077 437 4138 48,
458 4078 468 4127 l
489 4075 607 4131 Boletos
632 4082 661 4130 et
685 4091 783 4144 aprum
807 4079 831 4129 1.
850 4075 972 4130 Lucrina
995 4078 1020 4127 9.
1047 4075 1194 4131 Mullorum

61 4163 247 4231 leporumque
265 4168 294 4216 ct
312 4160 437 4216 suminis.
468 4160 507 4216 Zu
525 4162 538 4215 I
557 4165 597 4226 20,
617 4164 632 4212 1
651 4162 677 4215 11
696 4164 739 4224 43,
761 4163 787 4213 11
811 4160 852 4214 III
871 4164 911 4225 45,
930 4161 954 4215 6.

129 4252 153 4301 l.
171 4247 290 4318 qoniam.-
309 4245 390 4301 Geist
408 4246 457 4301 des
476 4246 731 4317 Labensgcnnsscs.
761 4244 827 4316 Vgl.
848 4262 883 4301 zu
900 4245 941 4301 VI
959 4248 1000 4313 60,
1022 4248 1060 4300 to.

127 4332 246 4387 LXXIX
263 4336 287 4388 2.
312 4333 435 4387 lelleralc:
453 4331 524 4387 ellel.

111 4434 199 4477 ιιιηιιι
213 4435 231 4478 1.
955 4437 987 4487 33
