2978 4988
390 366 621 437 Epigrammaton
640 365 724 422 Liber
743 366 768 421 V
791 365 872 431 (edlrt
889 365 993 421 Herbet
1010 367 1059 431 89).
1219 369 1279 430 387

276 540 304 603 A
327 539 458 603 famulis
481 539 582 603 Histri
605 538 661 620 qui
684 538 743 602 tibi
767 538 856 603 venit
879 538 981 619 aquis,

234 652 353 715 Laetus
376 657 408 715 et
431 650 585 715 attonitus
608 650 678 713 viso
701 648 795 715 modo
817 647 969 733 praeside
991 647 1101 713 mundi

276 760 416 826 Adfatus
438 762 571 825 comites
594 759 711 824 dicitur
734 778 806 824 esse
829 779 919 825 euos:

192 882 210 936 5
236 872 327 938 »Sors
349 892 422 937 mea
445 892 540 954 quam
564 871 672 936 fratris
695 871 816 947 melior,
842 872 893 935 cui
916 879 982 935 tam
1005 890 1105 954 prope
1128 870 1178 935 fas
1202 878 1251 935 est

277 983 425 1049 Cernere.
449 991 514 1048 tam
538 983 634 1066 longe
657 1002 752 1065 quem
775 982 851 1047 colit
874 982 930 1046 ille
952 980 1077 1047 deum«

689 1138 745 1202 IV.

237 1250 371 1314 Foetere
394 1249 494 1314 multo
518 1248 655 1333 Myrtale
679 1249 761 1313 solet
783 1249 866 1328 vino,

237 1358 304 1425 Sed
326 1359 420 1425 fallat
442 1366 477 1424 ut
499 1379 568 1425 nos.
594 1360 674 1425 folia
696 1358 831 1425 devorat
853 1359 935 1424 lauri

123 1488 133 1509 ⁰
237 1472 425 1553 Merumque
449 1479 544 1536 cauta
567 1469 691 1545 fronde,
718 1490 780 1535 non
804 1490 891 1553 aqua
913 1471 1034 1536 miscet.

238 1583 330 1647 Hanc
352 1590 386 1648 tu
409 1582 577 1647 rubentem
599 1582 855 1666 prominentibus
877 1583 970 1648 venis

196 1705 213 1756 5
238 1692 393 1770 Quotiens
416 1694 536 1771 venire,
561 1693 676 1773 Paule,
702 1691 822 1758 videris
845 1701 969 1770 contra,

238 1806 337 1870 Dicas
359 1803 470 1868 licebit
493 1803 645 1887 »Myrtale
668 1803 749 1869 bibit
771 1804 921 1869 laurum«

699 1941 738 2004 V.

240 2051 348 2127 Sexte,
373 2051 544 2116 Palatinae
566 2051 669 2117 cultor
692 2051 831 2117 facunde
853 2053 1027 2123 Minervae,

282 2162 415 2245 Ingenio
439 2161 555 2226 frueris
578 2164 633 2243 qui
656 2164 803 2246 propiore
826 2163 879 2229 dei
900 2201 943 2210 —

240 2274 323 2338 Nam
347 2272 406 2337 tibi
429 2279 599 2338 nascentes
623 2273 742 2339 domini
766 2293 957 2358 cognoscere
980 2293 1074 2339 curas

283 2385 323 2449 Et
345 2391 471 2449 secreta
493 2382 584 2448 ducis
606 2392 737 2469 pectora
760 2406 854 2452 noeee
877 2385 953 2451 licet
974 2408 1032 2446 —:

200 2506 216 2557 5
242 2497 291 2561 Sit
313 2496 403 2561 locus
427 2503 459 2560 et
481 2497 598 2561 nostris
621 2496 733 2578 aliqua
755 2497 813 2563 tibi
836 2505 929 2582 parte
952 2496 1084 2575 libellis,

286 2606 358 2684 Qua
380 2604 480 2683 Pedo,
507 2628 572 2688 qua
594 2608 720 2673 Marsus
742 2628 872 2692 quaque
895 2608 1043 2674 Catullus
1067 2608 1137 2673 erit.

263 2779 303 2831 ΙΙΙ
323 2781 347 2830 l.
369 2777 483 2833 adfatus
503 2779 570 2832 EX.

260 2876 442 2970 Ill-‘asopo
462 2915 490 2968 F.
510 2915 522 2967 Ι
541 2918 590 2968 286
608 2914 730 2971 famulas
749 2947 780 2954 -
799 2933 895 2986 aquas.

158 3055 262 3109 mlttler
284 3053 406 3123 gosandt
429 3054 544 3109 worden
567 3069 625 3107 war
648 3058 693 3117 [zu
710 3053 751 3107 VI
771 3057 810 3119 10,
826 3057 862 3119 7).
895 3053 1047 3109 Vielleicht
1065 3054 1144 3108 hatte
1163 3053 1236 3107 auch
1254 3052 1291 3106 M.

159 3139 257 3208 Diegie
282 3138 468 3208 geschrieben
500 3139 566 3208 lvgl.
588 3138 742 3207 Vipsanias
770 3139 782 3191 l
809 3142 871 3204 108,
893 3142 908 3190 3
932 3138 1114 3193 Marcelliano
1136 3137 1165 3191 II
1189 3139 1234 3202 29,
1257 3141 1292 3202 5)Ι

159 3224 284 3280 Gilbert³
308 3239 335 3292 p.
355 3226 412 3276 518.
455 3224 508 3276 iam
530 3228 635 3277 orostrae
655 3252 685 3262 -
705 3223 798 3293 ripae:
823 3224 874 3279 des
896 3222 1048 3293 angeblich
1070 3223 1174 3278 bereits
1198 3228 1294 3278 unter-

160 3309 302 3365 worfenen
325 3308 493 3365 nordlichen
518 3308 699 3365 Donauufere
725 3308 791 3378 lvgl.
810 3325 837 3364 v.
859 3307 1005 3364 tiamnlis
1022 3338 1056 3347 -
1075 3307 1156 3379 aquis
1178 3308 1237 3363 und
1255 3308 1294 3363 Vl

161 3400 209 3455 lli).
248 3394 366 3450 Gilbert.

229 3484 251 3534 3.
278 3481 410 3549 praecide.
441 3479 504 3549 Vgl.
523 3479 549 3534 V
568 3484 626 3544 1,1
650 3479 734 3543 V12‚
755 3483 770 3531 5
789 3478 896 3535 Fincke
921 3480 957 3534 de
980 3479 1084 3548 appell.
1104 3477 1185 3536 Caes.
1207 3496 1234 3549 p.
1253 3484 1294 3535 31.

229 3569 253 3618 5.
282 3583 419 3634 prope·
439 3567 521 3636 leupo.
552 3566 682 3631 zelle,
704 3568 743 3618 13.

229 3651 276 3705 lV.
307 3650 370 3720 Vgl.
391 3651 403 3704 Ι
423 3653 463 3704 st.

229 3737 263 3791 V.
287 3740 296 3788 1
328 3739 413 3790 Sexte.
451 3735 552 3794 Sextus
576 3739 688 3793 scheint
706 3737 839 3794 hiernach
859 3737 911 3793 das
928 3736 996 3793 Amt
1017 3755 1034 3792 a
1052 3737 1154 3795 studii·
1172 3738 1218 3793 bei
1236 3738 1295 3793 Do-

162 3823 260 3877 mitian
277 3820 422 3878 bekleldet
435 3838 470 3877 zu
488 3823 580 3880 haben
598 3825 656 3880 und
672 3824 802 3893 zugleich
815 3822 1011 3879 Bibliothelrar
1028 3837 1159 3892 genesen
1172 3839 1207 3877 nu
1225 3823 1294 3878 sein.

163 3907 225 3977 Vgl.
246 3907 271 3962 V
289 3908 330 3971 38,
349 3910 364 3958 2
389 3908 448 3962 und
467 3907 512 3963 SG
530 3910 544 3964 I
562 3913 595 3962 95
613 3908 632 3963 f.
669 3908 840 3964 Schwerllch
865 3909 903 3964 irt
920 3910 971 3964 der
988 3908 1015 3961 X
1033 3912 1073 3973 21,
1092 3911 1107 3960 2
1127 3909 1296 3978 angeredetc

162 3995 264 4049 Sextus
283 3993 418 4050 derselbe.
457 3995 606 4049 Palatinae
637 3995 676 4050 Zu
694 3996 707 4049 Ι
726 3998 767 4059 10,
786 3999 810 4047 5,

232 4083 255 4134 2.
274 4078 329 4133 VII
349 4084 372 4145 5,
391 4083 406 4131 5
430 4078 577 4135 Terrarum
596 4079 739 4135 dominum
757 4080 875 4149 propius
893 4080 972 4134 videt
989 4080 1037 4134 ille
1056 4086 1161 4149 tuoque
1180 4085 1298 4136 terretur

164 4165 245 4220 vultu
264 4165 402 4220 barbarus
421 4171 449 4220 et
467 4163 573 4220 lrnltur.
753 4165 802 4219 dei.
834 4165 874 4219 Zu
893 4164 931 4233 Sp
953 4167 991 4229 11,
1010 4168 1034 4216 t.

233 4258 256 4302 3.
288 4250 396 4303 domiai.
427 4249 467 4304 Zu
485 4249 526 4304 IV
544 4252 586 4314 28,
605 4253 629 4304 5.
821 4268 905 4304 curus.
933 4250 974 4304 Zu
992 4250 1005 4304 Ι
1024 4251 1066 4311 bb,
1086 4253 1109 4305 ⁵.

233 4340 256 4389 11.
285 4336 349 4406 Vgl.
369 4337 381 4390 Ι
401 4335 491 4404 Epist.
509 4335 528 4390 l.
550 4338 591 4388 11.

1036 4438 1090 4488 25*
