2978 4988
172 366 233 428 478
576 363 610 417 M.
629 361 735 417 Valerii
753 360 889 417 Martialis

711 533 741 596 X

189 625 210 681 ⁴²
256 643 449 710 Paedicatur
471 644 560 723 Eros,
583 644 675 709 fellat
697 644 811 709 Linus:
841 642 911 723 Ole,
934 642 1012 727 qnid
1035 642 1078 709 ad
1101 651 1151 727 te,

299 756 349 819 De
371 762 443 819 ente
466 754 544 837 quid
566 755 687 821 faciant
709 755 764 819 ille
786 754 838 819 vel
860 754 917 819 ille
939 758 1017 820 suat

257 867 408 933 Centenis
430 865 526 930 futuit
548 866 656 931 Mathe
679 865 824 931 milibus:
849 863 916 938 Ole.
941 864 1019 948 quid
1041 865 1084 932 ad
1106 871 1165 934 tet

299 978 371 1042 Non
393 984 428 1041 tu
451 983 629 1060 propterea.
654 976 711 1042 sed
733 977 842 1042 Matho
865 995 988 1060 pauper
1010 976 1079 1041 erit.

216 1099 233 1152 5
256 1090 293 1153 In
315 1088 419 1153 luceru
442 1091 535 1153 cenat
557 1088 728 1152 Sertorius:
753 1085 822 1166 Ole,
847 1085 925 1170 quid
947 1086 990 1152 ad
1012 1093 1053 1165 te,

300 1199 379 1264 Ourn
402 1199 497 1264 liceat
520 1203 857 1293 tutastertere1nocte
879 1197 962 1263 tibii

257 1310 469 1394 Septingenta
491 1309 564 1373 Tite
587 1308 684 1374 debet
706 1309 829 1393 Lupus:
859 1306 927 1387 Ole,
952 1308 1030 1390 quid
1052 1306 1096 1373 ad
1119 1312 1179 1374 tei

299 1421 413 1484 Assem
436 1438 477 1484 ne
499 1419 627 1485 dederis
650 1417 865 1484 crediderisve
887 1419 986 1503 Lupe.

258 1530 342 1596 Illud
364 1529 558 1608 dissimulas,
583 1529 625 1595 ad
647 1538 680 1595 te
702 1529 788 1613 quod
810 1531 959 1614 pertinet,
985 1528 1053 1603 Ole.

199 1652 234 1706 10
301 1640 457 1724 Quodque
480 1642 583 1724 magis
607 1660 702 1706 curae
725 1642 874 1706 convenit
895 1659 967 1706 esse
988 1648 1072 1706 tuae.

258 1755 320 1818 Pro
343 1752 454 1835 tegula
476 1751 589 1817 debes:
614 1752 674 1817 hcc
696 1751 738 1816 ad
762 1759 793 1817 te
816 1753 965 1836 pertinet,
991 1749 1059 1817 Ole.

301 1863 518 1941 Quadrantem
542 1882 634 1928 neme
657 1864 720 1927 iaru
744 1862 802 1927 tibi
825 1861 942 1927 credit:
967 1869 1000 1928 et
1021 1862 1089 1927 hcc.

259 1975 347 2042 Uxor
369 1974 502 2039 moecha
524 1973 582 2038 tibi
606 1981 668 2038 est:
693 1974 753 2038 hcc
776 1973 818 2039 ad
841 1981 873 2038 te
895 1973 1041 2057 pertinet,
1064 1971 1136 2038 Ole.

301 2086 408 2150 Pascit
430 2086 494 2150 iarn
518 2082 622 2150 dotem
646 2084 713 2149 filia
736 2083 882 2167 grandis:
908 2091 940 2149 et
961 2084 1031 2149 hcc.

199 2207 235 2260 15
260 2198 375 2262 Dicere
397 2194 584 2278 quindecies
607 2202 759 2278 poteram,
785 2194 870 2277 qued
893 2196 1031 2279 pertinet
1054 2192 1095 2259 ad
1119 2180 1179 2260 tes

301 2306 367 2372 Sed
389 2305 467 2389 quid
489 2326 577 2389 agas,
603 2305 644 2370 ad
667 2326 717 2371 me
740 2306 889 2390 pertinet,
915 2306 981 2375 Ole.
1006 2306 1094 2369 nihil.

707 2442 765 2506 XI.
834 2513 836 2518 ,

260 2555 357 2638 Cogis
380 2572 431 2616 me
454 2554 577 2618 calamo
600 2571 761 2635 manuque
784 2560 893 2617 nestra

259 2662 439 2730 Emendare
461 2684 558 2744 meos,
582 2663 721 2742 Pudens,
746 2663 885 2728 libellos.

259 2774 287 2841 Ο
310 2794 406 2856 quarn
429 2793 480 2839 rue
503 2776 635 2839 nimium
658 2774 775 2859 probas
797 2793 962 2856 aurasque,

262 2885 324 2964 Qui
347 2886 395 2950 vis
419 2886 612 2970 archetypas
633 2885 753 2950 habere
776 2890 891 2968 nugas!

699 3013 772 3077 XII.

259 3126 312 3191 Sic
334 3144 385 3189 me
407 3123 511 3188 fronte
533 3123 621 3206 legat
643 3123 801 3204 deminus.
827 3125 990 3201 Faustine
1015 3142 1129 3188 serena

242 3262 268 3315 X
289 3264 311 3313 1.
331 3261 418 3315 Linus
438 3261 488 3313 Re
496 3260 580 3313 Sahal
614 3260 720 3315 Linuos
740 3261 766 3313 P
798 3260 928 3322 LinesQ
963 3259 1050 3315 Pinus
1064 3260 1213 3313 EXAFG
1227 3263 1308 3318 Sedis.

244 3380 278 3433 X.
310 3380 401 3436 Ueber
419 3380 465 3435 die
483 3379 566 3434 41111
580 3379 761 3434 wiederhelte
779 3380 997 3449 Interpunktion
1009 3380 1081 3434 nach
1101 3379 1165 3433 deun
1185 3385 1209 3433 4.
1223 3382 1307 3439 Fusa.

175 3466 231 3536 vgl.
250 3465 322 3519 Einl.
344 3464 370 3519 S.
383 3468 424 3519 44.

243 3553 268 3603 1.
300 3551 401 3619 Lupus.
424 3549 511 3606 Nicht
523 3551 573 3605 der
584 3551 634 3605 rnit
647 3551 709 3605 dem
722 3550 839 3605 Dichter
851 3549 1034 3607 belreundcte
1046 3551 1153 3619 Lupus.
1173 3551 1215 3606 Zu
1229 3553 1256 3608 V
1267 3557 1310 3608 56.

245 3637 284 3689 15.
316 3634 472 3704 quindecies.
508 3635 620 3691 Ebcnso
644 3635 689 3690 fllr
712 3636 774 3691 eine
798 3636 937 3706 beliebige
960 3652 1057 3706 grosse
1075 3635 1144 3690 Zahl
1163 3636 1204 3691 XI
1224 3641 1253 3699 6,
1278 3643 1310 3692 13

175 3720 336 3791 quindecim
354 3726 464 3789 poetae.

243 3807 327 3860 1111.
368 3808 473 3860 Pudens
500 3812 543 3860 {zu
566 3807 641 3871 131>
673 3807 751 3863 hatte
774 3807 809 3862 M.
828 3807 950 3877 gebcten
972 3808 1024 3862 dus
1047 3808 1111 3863 sehr
1134 3807 1309 3868 fehlerhafte

173 3892 515 3961 Buchhtndlerexemplar
533 3893 624 3947 seiner
637 3892 775 3949 Gedichte
794 3894 983 3963 eigenhindig
1002 3909 1037 3947 zu
1054 3894 1228 3957 torbessem,
1247 3913 1310 3954 was

173 3979 210 4032 M.
225 3979 297 4034 auch
311 3978 356 4034 ittr
368 3978 462 4034 Julius
475 3978 610 4034 Martialis
630 3979 701 4034 that.
722 3980 776 4034 VII
792 3983 831 4041 11,
848 3983 870 4031 7.
890 3979 982 4035 Ueber
993 3980 1038 4034 die
1048 3978 1310 4051 Fchlerhaitigkelt

174 4065 223 4119 der
241 4064 587 4134 Buchhiindlcrausgaben
605 4064 768 4133 Marquardt
785 4066 907 4119 Pristi.
961 4068 987 4117 4.
1007 4084 1096 4135 ruccas.
1116 4065 1156 4119 Zu
1176 4066 1187 4119 I
1210 4069 1268 4131 113,
1282 4073 1308 4122 6.

242 4149 305 4203 XII.
338 4149 400 4203 Wie
422 4150 482 4204 hier
508 4149 590 4219 klagt
607 4150 641 4204 M.
661 4151 733 4206 auch
753 4151 808 4205 VII
828 4153 859 4203 12
890 4151 917 4203 X
935 4154 961 4210 3;
981 4154 1008 4211 5;
1028 4153 1060 4205 33
1080 4151 1213 4214 dartlber,
1239 4154 1310 4210 dass

173 4243 255 4290 unter
278 4236 381 4290 seinenr
406 4235 513 4290 Namen
535 4235 637 4305 giltige
661 4236 917 4305 Schmlihgedichte
946 4235 1154 4291 verdifentllcht
1177 4240 1308 4295 wurden.

173 4319 399 4385 8111114041.
643 4324 665 4373 l.
698 4323 834 4376 Faustina.
862 4323 902 4377 Zu
921 4323 933 4377 Ι
951 4324 992 4377 25.
