2978 4988
260 353 490 424 Epigrammaton
508 338 592 407 Liber
610 350 650 405 Vl
670 352 754 418 (edirt
771 350 894 407 Sommer
912 353 981 408 oder
999 351 1103 409 Herbst
1120 355 1174 419 90).
1230 357 1295 420 459

238 524 426 604 Quodnam
448 525 631 610 panticibus
654 524 740 590 laxis
763 530 888 589 etcum
911 522 995 608 pede
1017 523 1133 608 grandi

173 645 213 703 20
237 638 279 702 Et
300 637 395 702 rubra
419 638 570 721 pulmone
590 644 685 702 vetus
707 636 860 718 nasisque
883 634 1060 700 timendum

238 748 355 814 Omnia
376 747 517 814 erudelis
539 748 646 813 lanius
668 766 727 830 per
749 747 888 830 compita
910 752 1025 831 portat.

237 859 348 925 Audes
371 866 548 944 praeterea,
573 877 653 942 qnos
674 858 783 923 nullus
805 859 938 937 noverit,
963 858 997 923 in
1019 877 1071 923 me

238 971 385 1036 Scribere
406 971 582 1036 versiculos
604 970 740 1035 miseras
763 976 796 1034 et
817 968 954 1053 perdere
976 969 1114 1035 ehartas.

238 1082 281 1147 At
302 1082 330 1147 si
353 1080 432 1165 quid
454 1088 583 1147 nestrae
605 1081 664 1146 tibi
688 1081 762 1146 bilis
784 1081 938 1146 inusserit
960 1079 1067 1163 ardor,

174 1199 214 1256 25
238 1193 334 1258 Vivet
356 1199 388 1258 et
409 1192 557 1258 haerebit
578 1198 710 1275 totaque
733 1192 916 1275 legetur·in
937 1191 1025 1271 urbe,

238 1303 399 1388 Stigmata
421 1323 480 1370 nea
502 1303 596 1369 vafra
618 1302 740 1369 delebit
763 1303 938 1369 Cinnamus
961 1310 1041 1369 arte.

239 1414 305 1480 Sed
328 1415 480 1481 miserere
501 1415 558 1496 tui,
581 1413 694 1480 rabido
716 1434 777 1480 nee
799 1413 943 1498 perditus
966 1433 1021 1481 ore

237 1526 428 1591 Fumantem
450 1545 565 1590 nasum
587 1526 654 1590 vivi
677 1527 885 1609 temptaveris
908 1527 986 1591 ursi.

239 1636 289 1702 Sit
310 1636 459 1721 placidus
482 1637 558 1701 lieet
580 1643 612 1702 et
635 1636 758 1701 lambat
780 1634 963 1720 digitosque
985 1657 1173 1722 manusque,

176 1755 214 1812 30
239 1749 274 1813 si
298 1747 390 1813 dolor
411 1754 444 1813 et
466 1746 553 1829 bilis,
579 1755 611 1813 et
633 1747 719 1812 iusta
741 1749 883 1831 abegerit
904 1749 962 1828 ira,

239 1859 342 1925 Ursus
365 1859 438 1924 erit:
463 1877 568 1923 vanua
590 1855 704 1923 dentes
727 1858 760 1923 in
782 1859 869 1943 pelle
891 1859 1010 1945 fatiges

238 1972 279 2036 Et
301 1970 432 2036 tacitam
455 1987 603 2052 quaeras,
627 1989 724 2052 quam
746 1971 852 2055 possis
873 1970 997 2050 rodere,
1021 1990 1161 2038 earnem.

665 2192 763 2257 LXV.

240 2321 460 2386 „Hexametris
484 2321 683 2405 epigramma
704 2319 800 2386 fanis«
824 2322 890 2386 seio
913 2321 1021 2387 disere
1043 2323 1193 2389 Tuccam.

283 2433 401 2511 Tuaen,
425 2432 509 2498 solet
530 2430 608 2511 fieri,
633 2430 783 2514 denique,
797 2433 924 2511 ,Tusca
948 2434 1033 2500 lieet.

239 2542 321 2609 »Sed
343 2549 452 2608 tamen
473 2542 535 2609 hoe
556 2542 687 2627 longum
710 2549 784 2608 estu
814 2541 904 2609 Solet
926 2543 987 2610 hoe
1009 2565 1145 2629 qnoque,
1170 2548 1289 2629 Tucca,

651 2653 805 2737 libetque:

284 2766 319 2831 Si
342 2765 491 2831 breviora
513 2765 641 2849 probas,
666 2763 805 2831 disticha
827 2768 896 2832 sola
917 2767 1018 2851 legas.

200 2884 217 2938 5
242 2876 422 2943 Conveniat
443 2876 544 2954 nobis,
569 2883 604 2942 ut
626 2877 677 2961 fas
699 2877 933 2961 epigrammata
955 2879 1054 2964 leuga

283 2987 334 3052 Sit
355 2987 493 3053 transire
514 2986 582 3067 tibi,
606 2987 755 3069 seribere,
780 2990 900 3073 Tucca,
924 2989 1013 3055 mihi.

224 3226 316 3282 LXIV
338 3229 380 3282 20.
406 3226 540 3296 nasisque
559 3227 660 3289 QEFoe
695 3227 862 3298 narique?
911 3230 953 3285 15.
986 3235 1104 3299 totaque
1121 3261 1155 3270 —
1173 3232 1242 3288 urbe
1265 3235 1293 3289 T

158 3313 227 3367 Sedu
262 3317 432 3381 totoque-
451 3313 518 3369 orbe
538 3312 640 3375 QEFe
651 3314 709 3366 Ser.

224 3517 317 3574 LXIV
334 3520 375 3571 23.
403 3517 500 3574 Horat.
513 3519 605 3588 Epod.
620 3520 681 3584 11,1
699 3517 820 3574 seribere
838 3519 994 3577 uersiculos
1013 3538 1106 3579 amore
1125 3540 1292 3594 percussum

157 3603 246 3671 gravi.
308 3606 349 3656 15.
372 3603 468 3659 llorat
488 3603 515 3658 S.
534 3604 563 3658 ll
583 3607 611 3670 1,
634 3606 667 3657 lb
687 3603 748 3670 (Qui
769 3619 813 3659 me
837 3606 990 3673 commorit)
1016 3637 1047 3646 -
1071 3608 1166 3665 Flebit
1191 3619 1220 3668 et
1247 3613 1290 3668 in·

157 3687 247 3759 signis
271 3693 333 3744 tota
355 3688 516 3749 cantabitur
533 3691 612 3747 urbe.
650 3688 764 3745 Censet.
783 3692 827 3746 ad.
846 3691 906 3748 Liv.
925 3696 974 3746 161
993 3699 1112 3765 totoque
1134 3695 1244 3766 legetur
1261 3699 1292 3752 ln

156 3788 237 3829 aevo.
277 3776 319 3828 27.
348 3773 432 3844 Verg.
454 3774 562 3830 nvn
581 3777 628 3828 151
649 3776 748 3831 rabide
767 3806 801 3817 ·-
814 3793 870 3832 ore.

225 3982 266 4033 23.
292 3980 405 4049 perdere
429 3981 541 4035 abertas.
580 3982 652 4046 111,
673 3982 819 4040 abrevior
841 4013 875 4021 -
900 3984 999 4039 charta
1022 3985 1106 4053 perit.
1143 3986 1292 4054 x1111‚3

155 4064 270 4121 Perdite
287 4094 322 4104 -
339 4063 436 4120 lineae
453 4096 488 4104 -
505 4082 639 4137 papyros.

225 4153 266 4204 16.
301 4150 452 4206 Cinnamus.
487 4151 621 4209 Offenbar
645 4152 722 4208 einer
746 4154 795 4208 der
813 4154 931 4219 Aetate,
958 4155 1004 4210 dle
1029 4156 1090 4211 slah
1108 4157 1213 4214 darauf
1228 4174 1293 4215 ver-

156 4237 290 4301 standen,
315 4235 491 4307 ehemaligen
509 4236 632 4294 Sklaven
650 4238 861 4295 Brnndmarlren
885 4256 936 4295 ans
960 4241 1011 4296 der
1036 4239 1112 4298 Haut
1135 4259 1171 4299 un
1194 4245 1293 4316 tilgen.

156 4320 222 4391 Vgl.
242 4320 270 4376 X
288 4325 330 4387 55,
348 4325 364 4375 6
383 4321 428 4379 SG
445 4321 459 4376 Ι
477 4324 526 4376 301
545 4324 604 4379 und
622 4326 680 4390 350,
699 4329 723 4378 1.
