2978 4988
214 323 277 384 412
471 340 474 347 ·
621 323 657 377 hi.
675 322 782 378 Valerii
800 322 936 378 Martialis

343 493 416 558 Non
438 493 552 559 reddet
574 496 693 559 sterilis
717 496 841 560 semina
862 495 949 560 iacta
971 511 1081 576 seges:

260 611 277 667 5
302 604 565 688 Dispensatorem
588 605 690 670 fallax
713 607 866 689 spoliabit
888 606 1001 684 amica,

343 716 504 782 Mercibus
527 724 689 783 extructas
712 717 826 783 obruet
846 717 935 783 unda
960 723 1056 782 rates.

301 827 402 892 Extra
423 827 582 895 fortunam
605 837 662 908 est,
688 830 714 893 si
738 828 817 912 quid
839 828 977 896 donatur
999 828 1125 893 amicis:

345 938 433 1016 Quas
456 938 593 1018 dederis,
618 940 704 1006 solas
727 960 854 1024 semper
875 939 1013 1005 habebis
1035 958 1122 1022 opes.

724 1103 845 1168 XLIII.

303 1211 404 1278 Thais
426 1211 525 1278 habet
547 1214 667 1296 nigros,
691 1214 803 1279 niveos
825 1214 988 1279 Laecania
1010 1212 1132 1278 dentes.

346 1323 438 1401 Quae
460 1325 541 1389 ratio
565 1328 635 1390 esti
670 1325 803 1408 Emptos
825 1325 908 1391 haec
928 1324 1037 1403 habet,
1060 1324 1119 1389 illa
1140 1342 1227 1389 suos.

724 1487 837 1551 XLIV.

303 1596 390 1674 Quid
411 1597 530 1663 factum
554 1606 614 1679 est,
639 1617 726 1680 rogo,
751 1596 829 1679 quid
851 1605 983 1681 repente
1005 1596 1125 1664 factum
1148 1606 1205 1675 est,

302 1708 354 1774 Ad
376 1700 600 1783 cenam'mihi
624 1710 741 1785 Dente,
767 1709 853 1792 quod
875 1711 1003 1776 vocanti
1025 1747 1067 1755 -

304 1819 384 1897 Quis
407 1820 540 1886 credat?
560 1860 603 1868 -
626 1828 740 1903 quater
762 1839 861 1885 ausus
884 1839 919 1885 es
942 1824 1082 1902 negaret

306 1930 372 1996 Sed
394 1951 453 1996 nec
476 1934 608 2016 respicis
632 1940 663 1998 et
686 1932 772 2015 fugis
795 1940 996 2013 sequentem,

262 2051 279 2104 5
304 2042 406 2120 Quem
428 2042 560 2108 thermis
582 2042 676 2108 modo
700 2063 855 2125 quaerere
879 2052 910 2109 et
931 2043 1066 2109 theatris

303 2155 345 2219 Et
368 2155 573 2220 conclavibus
596 2155 743 2219 omnibus
767 2155 907 2219 solebas.

304 2265 359 2331 Sic
382 2274 438 2343 est,
463 2274 577 2350 captus
600 2285 636 2331 es
658 2266 801 2331 unctiore
824 2284 936 2330 mensa

303 2379 345 2443 Et
367 2378 469 2442 maior
491 2378 598 2460 rapuit
620 2396 732 2442 canem
755 2378 873 2442 culina.

303 2489 373 2553 Iam
396 2495 439 2561 te,
465 2488 524 2554 sed
547 2489 620 2569 cito,
647 2489 807 2571 cognitum
831 2496 862 2554 et
884 2489 1028 2554 relictum

243 2608 279 2663 10
304 2600 385 2665 Cum
408 2600 580 2665 fastidierit
601 2600 722 2683 popina
745 2599 849 2681 dives,

304 2712 466 2793 Antiquae
489 2712 601 2776 venies
624 2711 666 2776 ad
689 2730 764 2776 ossa
789 2731 897 2776 cenae.

323 2898 400 2952 XLII
420 2902 443 2950 7.
475 2897 585 2967 siquid
604 2898 677 2951 Fris.
698 2898 923 2960 QEXABCFG
943 2900 1012 2952 Sota
1047 2899 1185 2968 quidquid
1204 2921 1225 2952 ω
1240 2901 1297 2953 Ser.

320 2983 411 3038 XLIV
431 2986 453 3036 l.
480 2982 650 3038 factumest
669 2985 812 3045 pascant
846 2982 953 3039 factum
972 2985 1123 3038 EForSobu
1133 2987 1149 3038 ¹.

321 3157 399 3210 XLII
418 3160 442 3210 5.
474 3155 567 3224 Priap.
587 3159 628 3220 68,
651 3157 682 3207 13
701 3156 838 3224 spoliavit
855 3156 953 3211 amica.
990 3159 1014 3210 6.
1039 3155 1120 3211 Ouid.
1135 3156 1197 3211 Her.
1212 3158 1235 3220 7,
1250 3158 1282 3207 78
1301 3158 1356 3214 ob·

219 3250 282 3298 ruet
304 3244 382 3298 unda
405 3244 475 3298 deos
499 3242 545 3296 Tr.
564 3242 576 3295 l
595 3245 623 3306 2,
644 3244 692 3293 106
718 3243 820 3296 obruat
842 3242 919 3296 unda
944 3247 1032 3310 eaput
1054 3243 1100 3297 Tr.
1119 3243 1177 3307 12,
1198 3244 1231 3294 34
1257 3243 1355 3299 vultus

217 3328 314 3385 obruit
331 3329 409 3383 unda
426 3343 511 3383 meos.
542 3327 629 3395 Prop.
648 3326 661 3379 1
681 3329 704 3390 8,
727 3331 756 3379 10
775 3334 927 3395 provectas
946 3327 1054 3383 auferet
1072 3329 1148 3383 unda
1166 3335 1249 3382 rates.

320 3413 411 3467 XLIV
430 3418 453 3467 t.
472 3416 498 3465 8.
529 3412 557 3467 S.
577 3419 675 3467 auten.

220 3538 426 3546 ——.-—-—

287 3600 376 3653 XLII.
412 3600 541 3656 Vincent
566 3600 674 3657 Bellov.
699 3600 746 3669 Sp.
772 3601 806 3655 D.
828 3601 869 3654 Vl
893 3604 925 3653 73
980 3606 1014 3664 (4.
1046 3602 1155 3657 steriles
1184 3631 1217 3640 -
1247 3600 1355 3672 fruges.

220 3691 245 3741 5.
279 3686 432 3755 spoliabat.
498 3690 522 3738 6.
538 3686 640 3742 obruit.
705 3691 728 3739 i.
747 3687 885 3757 quidquid
904 3717 937 3726 -
955 3703 1033 3757 opos.
1064 3692 1127 3743 ab
1156 3688 1229 3742 auch
1251 3688 1298 3758 Sp.
1319 3691 1356 3745 D.

218 3773 245 3828 V
262 3776 294 3827 47
317 3773 412 3840 [Quasi
430 3803 464 3811 -
483 3772 525 3828 sit
542 3803 576 3811 —
595 3772 707 3827 dederis
726 3776 791 3839 etc]
810 3776 868 3830 und
886 3773 927 3828 VI
946 3778 998 3839 72).

287 3944 387 3999 XLIII.
418 3943 482 4014 Vgl.
502 3944 555 3997 XII
574 3947 614 3997 23.

286 4029 376 4084 XLIV
394 4033 417 4082 2.
447 4031 546 4083 Docto.
578 4030 631 4084 Εἰιι
649 4029 873 4086 bezeichnender
891 4030 986 4085 Namo.

288 4118 312 4168 ἵ.
333 4116 358 4169 8.
390 4115 543 4171 Vielleioht
559 4116 610 4170 mit
620 4116 817 4170 Reminiscenz
836 4133 872 4171 an
884 4116 982 4172 Horat.
999 4115 1058 4172 Sat.
1079 4117 1106 4170 II
1126 4121 1149 4180 5,
1169 4117 1200 4168 83
1224 4124 1256 4171 ut
1275 4118 1357 4174 oanis

219 4218 237 4257 a
255 4201 331 4256 corio
349 4217 492 4272 nunquam
511 4202 712 4257 absterrebitur
729 4209 825 4257 uncto.

287 4289 310 4339 9.
340 4289 392 4342 aed.
422 4288 462 4342 Zu
481 4288 493 4341 l
514 4290 570 4349 117,
591 4290 614 4338 7.
