2978 4988
190 342 252 404 516
595 338 631 393 Il.
651 338 758 395 Valerii
775 338 912 395 Martialis

318 510 427 594 Spirat
449 517 481 575 et
503 517 618 593 arguta
641 511 727 593 pieta
748 510 871 577 tabella
891 531 999 591 mauu,

274 623 298 702 1,
323 622 414 698 liber,
438 621 480 687 ud
504 623 650 688 Geticam
671 622 801 688 Peuoen
822 622 1031 704 Histrumque
1053 623 1227 690 iaoeutem:

316 734 406 799 Haeo
428 734 500 799 loeo
521 732 709 817 perdomitis
730 733 881 816 gentibus
902 734 960 800 ille
981 741 1078 801 tenet

233 853 249 906 5
272 846 381 910 Parva
403 844 496 910 dabis
518 864 601 924 earo,
626 844 685 910 sed
707 843 815 910 duleis
837 843 933 925 dona,
957 844 1075 912 sodali:

316 956 438 1022 Certior
460 957 493 1021 in
516 964 622 1022 nostro
645 956 786 1021 carmine
809 958 916 1022 vultus
937 957 1009 1023 erit.

273 1067 410 1133 Casibus
432 1067 485 1133 hie
507 1069 613 1146 nullis,
636 1068 731 1132 nullis
754 1065 904 1133 delebiIIs
926 1068 1020 1134 annis

314 1180 418 1258 Vivet,
441 1179 611 1262 Apelleum
634 1199 706 1245 oum
727 1179 879 1245 morietur
900 1199 991 1262 opus.

667 1367 829 1432 LXXXV.

271 1476 363 1555 Quod
385 1498 448 1542 non
470 1478 593 1543 insulse
616 1477 729 1543 seribis
752 1478 939 1544 tetrasticha
961 1477 1131 1561 quaedam,

312 1589 460 1654 Distieha
483 1588 568 1671 quod
591 1589 678 1656 belle
700 1609 815 1673 panea,
841 1588 983 1670 Sabelle,
1008 1589 1097 1670 loeis,

271 1699 391 1778 Laudo,
414 1720 474 1766 neo
496 1699 643 1766 admiror.
683 1700 793 1767 Faeile
816 1708 865 1766 est
888 1702 1121 1784 epigrammata
1142 1701 1231 1767 belle

312 1810 468 1891 seribere,
492 1811 550 1877 sed
571 1812 688 1877 librum
710 1812 850 1878 seribere
873 1811 1005 1878 diffieile
1027 1821 1086 1879 est.

656 2018 836 2082 LXXXVI.

267 2129 319 2195 Ad
340 2130 510 2195 natalicias
534 2127 636 2212 dapes
658 2129 807 2203 voeabar,

267 2243 380 2307 Essem
403 2260 474 2306 oum
497 2241 564 2319 libi,
589 2240 696 2319 Sexte,
719 2260 784 2305 non
805 2240 936 2305 amiens.

267 2351 353 2431 Quid
375 2351 494 2417 fautum
517 2359 574 2431 est,
598 2371 683 2436 rogo,
708 2351 787 2433 quid
808 2360 941 2434 repente
963 2350 1083 2417 fantum
1106 2360 1166 2433 est,

266 2465 343 2529 Post
365 2470 411 2529 tot
433 2465 569 2547 pignora
590 2471 707 2543 nostra,
732 2470 805 2546 post
826 2470 872 2528 tot
894 2483 996 2529 annos

225 2585 241 2637 5
267 2573 359 2653 Quod
382 2593 452 2640 sum
475 2575 667 2658 praeteritus
690 2581 782 2640 vetus
806 2573 948 2640 sodalisi

266 2684 331 2751 Sed
354 2704 485 2750 eausam
508 2687 584 2751 seio.
624 2685 724 2751 Nulla
746 2687 835 2750 venit
857 2705 878 2749 a
899 2706 950 2751 me

281 2914 425 2970 LXXXIV
443 2917 466 2969 3.
492 2914 635 2986 jacentem
653 2917 925 2972 EXABCFGSotn
959 2924 1099 2974 tacentem
1119 2922 1226 2981 QoSor.

179 3106 380 3162 dienstthuend
404 3105 547 3160 erwahute
576 3103 718 3161 Caecilius
745 3105 892 3161 Secundus
918 3107 957 3162 ist
983 3106 1128 3162 vielleieht
1153 3108 1204 3164 der
1232 3109 1314 3166 VSI)

178 3192 355 3262 angeredete.
394 3189 440 3244 An
459 3191 514 3245 den
528 3191 667 3261 jungeren
684 3191 792 3246 Plinius
811 3192 849 3247 ist
865 3192 946 3248 nieht
964 3209 998 3248 nu
1017 3192 1135 3248 denken.
1154 3193 1313 3253 Mommsen

177 3278 230 3333 Zur
248 3277 454 3346 Lebeusgesoh.
472 3277 498 3331 d.
514 3275 536 3346 j.
551 3276 668 3341 Plinius,
687 3277 801 3333 Hermes
819 3277 861 3331 III
880 3279 920 3343 79,
941 3281 963 3331 1.

245 3365 270 3414 2.
297 3362 399 3432 Spirat.
430 3362 515 3431 Verg.
536 3361 567 3416 G.
580 3362 623 3416 III
640 3366 672 3414 31
691 3361 828 3431 spirantia
853 3363 935 3432 elgua
952 3362 992 3418 VI
1010 3365 1060 3418 884
1078 3365 1217 3432 spirantia
1235 3383 1310 3422 sera.

246 3450 270 3500 3.
292 3449 404 3501 Peucen.
436 3447 476 3501 ΖΠ
494 3447 588 3511 VIII,
610 3450 633 3500 l.

244 3533 386 3586 tamtan:
412 3532 466 3586 dou
484 3531 716 3598 unterworfeneu,
734 3533 787 3588 wie
806 3533 912 3599 V1180,
928 3537 956 3585 11
978 3534 1093 3602 captiuo
1111 3565 1143 3574 -
1156 3535 1193 3591 ab
1202 3535 1311 3593 Histro.

244 3621 269 3672 6.
299 3616 404 3672 Certior
422 3647 454 3654 -
473 3619 569 3672 vultus.
604 3618 644 3672 VI
666 3620 706 3684 73,
732 3622 747 3671 5
773 3617 881 3688 Aspice
908 3635 992 3690 quam
1020 3625 1098 3675 cerlo
1125 3620 1225 3677 videar
1251 3638 1311 3679 non

174 3705 284 3774 ligneus
303 3717 359 3758 ore.

245 3794 268 3843 S.
288 3790 430 3857 Apelleum
448 3818 482 3826 -
500 3807 573 3857 opus.
603 3788 662 3843 Das
680 3787 768 3844 Werk
786 3790 836 3844 des
854 3789 964 3856 Malers,
983 3806 1018 3845 zu
1035 3790 1076 3844 ΙΠ
1095 3793 1136 3855 35,
1156 3795 1179 3844 l.

242 3872 372 3928 LXXXV
390 3876 413 3926 2.
444 3874 509 3930 telle
526 3904 560 3913 -
579 3875 689 3928 Sabello.
721 3875 762 3929 Zu
779 3875 833 3930 XII
851 3877 892 3941 ³9,
913 3879 935 3931 1.
964 3876 1173 3941 Einl.S.23,1.

243 3964 267 4014 3.
288 3959 480 4029 epiprammola
497 3961 561 4014 belle
580 3983 610 4006 =
629 3959 657 4014 11
676 3962 698 4025 7,
718 3962 743 4013 3.

242 4048 266 4097 1.
293 4044 379 4099 Nloht
401 4046 452 4100 mit
475 4045 537 4100 Birt
560 4043 587 4099 S.
609 4047 658 4098 150
681 4062 738 4101 von
762 4047 812 4101 der
834 4045 1062 4118 Sehwieriglreit,
1087 4049 1149 4104 eine
1167 4049 1253 4105 Rolle
1271 4067 1309 4106 uu

173 4130 273 4195 fullon,
298 4146 333 4183 zu
351 4132 492 4186 verstehn.
524 4130 666 4186 Soudern:
691 4132 783 4202 einige
801 4132 929 4190 hllbsohe
947 4133 1125 4204 Epigramme
1143 4151 1179 4190 uu
1197 4137 1308 4192 schrei-

173 4218 235 4281 ben,
254 4218 292 4271 ist
309 4215 404 4281 leichl,
423 4217 469 4271 eiu
486 4232 591 4286 ganzes
609 4217 689 4271 Bueh
709 4217 824 4273 schwer.
856 4218 930 4275 Einl.
951 4218 978 4275 S.
999 4223 1039 4273 19.

241 4300 386 4356 LXXXVI
404 4305 427 4356 5.
452 4307 525 4356 selus
541 4302 647 4357 sodalis.
676 4303 716 4358 Zu
734 4303 747 4357 l
765 4305 806 4368 54,
825 4306 849 4356 8.
