2978 4988
242 352 473 422 Epigrammaton
491 352 575 408 Liber
592 350 633 406 VI
654 352 736 417 ledIrt
754 350 879 406 Sommer
897 351 966 405 oder
982 348 1088 405 Herbst
1104 352 1158 415 901.
1209 353 1271 413 447

181 532 198 586 5
222 525 369 589 Materna
391 523 530 608 produnt
552 523 711 607 capitibus
734 524 801 587 suis
825 523 918 587 furta.

223 636 293 714 Hic,
317 637 372 719 qui
396 642 513 701 retorto
536 636 623 700 crine
646 636 776 699 Maurus
799 632 928 712 incedit,

224 745 376 813 Subolem
399 746 519 812 fatetur
541 765 612 812 esse
635 764 671 811 se
694 747 760 810 coci
784 744 930 810 Santrae.

224 859 266 924 At
288 859 344 923 ille
366 859 449 923 sima
470 877 560 940 nare,
587 856 726 940 turgidis
748 855 850 920 labris

224 970 301 1052 Ipsa
324 976 373 1035 est
394 971 502 1052 imago
524 967 691 1052 Pannychi
714 967 935 1051 palaestritae.

165 1088 200 1143 10
224 1081 360 1147 Pistoris
383 1099 454 1145 esse
477 1081 605 1145 tertium
629 1080 701 1162 quis
724 1080 861 1162 ignorat,

225 1190 416 1274 Quicunque
437 1191 560 1275 lippum
583 1191 672 1257 novit
695 1196 728 1255 et
749 1188 840 1255 videt
861 1190 1020 1255 Damam⁴.>

225 1300 365 1379 Quartus
387 1301 526 1367 cinaeda
547 1302 661 1379 fronte,
685 1300 823 1366 candido
845 1301 937 1367 vultu

225 1414 275 1477 Er
299 1413 475 1479 concubino
497 1420 593 1478 natus
616 1412 746 1479 esttibi
769 1412 897 1496 Lygdo:

226 1524 370 1605 Percide,
395 1526 423 1590 si
446 1526 506 1603 vis,
530 1523 645 1588 filium:
669 1523 762 1588 nefas
783 1543 848 1589 non
871 1530 927 1589 est.

166 1644 201 1699 15
225 1637 319 1701 Hune
341 1655 417 1701 vero
440 1640 533 1700 acuto
556 1636 662 1718 capite
685 1642 717 1700 et
739 1635 871 1700 auribus
894 1634 1013 1717 longis,

228 1746 320 1825 Quae
342 1747 390 1812 sic
411 1752 590 1824 moventur,
615 1752 650 1811 ut
672 1748 776 1811 solent
798 1745 980 1824 asellorum,

227 1857 307 1936 Quis
330 1857 481 1922 morionis
503 1857 604 1922 filium
627 1864 725 1940 negat
747 1857 887 1940 Cyrtael

226 1969 320 2034 Duae
342 1987 476 2045 sorores,
500 1969 559 2033 illa
581 1968 675 2051 nigra
698 1975 730 2033 et
752 1967 833 2032 haec
855 1966 937 2045 rufa,

227 2080 313 2145 Croti
338 2079 511 2145 choraulae
534 2080 688 2161 vilicique
710 2087 784 2144 sunt
807 2078 914 2162 Carpi.

167 2200 206 2256 20
229 2194 364 2274 Iamque
387 2190 598 2274 hybridarum
621 2210 700 2273 grex
723 2190 782 2255 tibi
806 2189 888 2255 foret
909 2189 1034 2272 plenus,

226 2302 260 2367 Si
284 2301 386 2387 spado
409 2302 547 2367 Coresus
570 2301 817 2385 Dindymusque
839 2320 902 2365 non
925 2306 1019 2366 esset.

676 2420 744 2485 XL.

225 2534 361 2599 Femina
383 2531 539 2616 praeferri
562 2533 666 2614 potuit
687 2532 747 2597 tibi
770 2530 870 2612 nulla,
893 2531 1025 2614 Lycori:
1096 2508 1113 2537 ‘¹

270 2642 432 2708 Praeferri
456 2643 617 2726 Glycerae
639 2643 760 2708 femina
782 2642 872 2706 nulla
894 2649 1009 2726 potest.

226 2755 317 2819 Haeo
332 2755 393 2820 erit
407 2753 468 2820 hoo
483 2752 569 2836 quod
585 2761 632 2818 tu:
655 2761 691 2820 tu
713 2774 777 2819 non
800 2761 892 2837 potes
915 2772 987 2819 esse
1010 2752 1096 2836 quod
1117 2752 1199 2819 haec
1214 2761 1274 2819 est.

270 2866 431 2948 Tempora
454 2864 533 2948 quid
555 2865 690 2930 faciunt!
715 2865 799 2930 hano
822 2867 902 2943 volo,
927 2872 959 2931 te
982 2866 1078 2930 volui.

244 3017 364 3072 XXXIX
383 3021 424 3072 17.
443 3023 531 3088 negat
549 3019 830 3081 PQEABFoocana
864 3024 949 3088 neget
961 3020 1082 3072 osclara

150 3119 354 3209 ——X—LY
363 3154 456 3223 Priap.
478 3156 518 3220 18,
539 3158 554 3208 2
573 3155 651 3211 Lara
674 3157 750 3226 qnod
775 3170 837 3210 esse
862 3155 928 3209 mihi
951 3154 1054 3211 semina
1072 3155 1149 3211 nulla
1171 3127 1293 3224 potants

144 3242 236 3311 lProp.
256 3241 297 3295 IV
316 3244 339 3303 7,
363 3243 393 3293 10
412 3239 517 3295 semIna
535 3240 628 3299 nullai.

148 3342 353 3349 -—-——

212 3384 234 3431 5.
258 3383 353 3449 sarta.
385 3379 425 3432 Zu
444 3378 457 3430 l
476 3380 517 3442 34,
537 3382 562 3431 2.
727 3382 751 3431 9.
779 3377 962 3447 palaestritae.
995 3378 1035 3432 Zu
1053 3378 1096 3432 ΠΙ
1115 3380 1155 3445 58,
1174 3381 1216 3435 25,

212 3467 251 3518 13.
284 3465 385 3535 Lyqda.
421 3464 509 3519 Name
532 3463 609 3518 alnes
628 3478 698 3530 puer
723 3463 850 3519 exoletus
875 3464 954 3528 (oder
970 3464 1134 3529 Eunuchen)
1153 3481 1210 3520 von
1229 3466 1279 3520 dor

142 3551 412 3605 marmorahnlichen
430 3550 539 3605 Weisse
565 3549 615 3604 der
632 3549 709 3604 Haut
726 3549 794 3605 oder
818 3550 868 3605 der
884 3549 1110 3606 Bildschonhoit.
1139 3549 1180 3605 VI
1198 3553 1241 3616 45,
1261 3552 1276 3603 3

144 3635 185 3688 XI
204 3637 276 3700 73,1
304 3635 359 3690 XII
376 3638 417 3688 71.

215 3723 254 3773 17.
283 3721 418 3775 morionis.
449 3721 489 3775 Za
508 3720 550 3774 ΙΙΙ
570 3720 610 3785 82,
630 3721 671 3772 al.

215 3807 253 3858 19.
288 3807 370 3861 Orati
399 3806 457 3862 Der
469 3808 556 3862 Name
574 3805 726 3873 viellelcht,
744 3807 799 3862 wie
811 3807 1094 3875 derentaprechende
1112 3807 1278 3862 lateinisoho

144 3889 246 3956 Fauor,
265 3891 310 3945 eiu
329 3893 483 3947 Xllnstlern
501 3893 560 3948 und
577 3891 720 3948 Musilrern
739 3892 813 3948 diter
830 3894 997 3963 gegebener.
1028 3891 1073 3946 SG
1092 3893 1120 3946 II
1139 3894 1197 3944 571.

212 3978 253 4028 21.
287 3977 447 4047 Dindymus.
486 3977 574 4032 Namo
598 3978 676 4033 eines
700 3979 857 4034 Eunuchon
880 3978 952 4033 auch
976 3977 1016 4031 XI
1039 3979 1085 4042 81,
1111 3979 1187 4033 elnoa
1211 3993 1278 4033 exo·

145 4061 219 4118 letus
242 4061 268 4115 V
286 4064 319 4115 83
342 4061 369 4115 X
386 4065 419 4115 42
443 4060 483 4115 XI
502 4065 517 4115 6
542 4062 649 4116 X1175
672 4064 752 4128 (nach
777 4065 841 4120 dem
865 4080 897 4119 so
921 4068 1084 4133 genannten
1105 4063 1279 4133 Heiligthnm

145 4147 195 4202 der
214 4146 319 4218 Cybele
337 4148 367 4202 in
385 4146 528 4217 Cynicus).

214 4233 264 4286 XL
283 4235 308 4285 3.
349 4234 426 4286 Haec
444 4232 496 4285 erit
513 4233 562 4286 aaa
579 4233 649 4302 qaod
665 4239 702 4287 ta.
732 4233 925 4303 vg1.vra,a
950 4234 1030 4289 Istud
1057 4249 1130 4304 quac
1152 4243 1280 4300 nonest,

148 4317 242 4374 dicere
260 4318 352 4375 Bassa
369 4317 452 4374 solet.
808 4328 813 4339 ’
