2978 4988
211 348 274 410 450
617 342 653 396 M.
672 342 778 399 Valerii
796 343 932 400 Martialis

294 517 346 581 Me
368 516 561 580 Nomentani
583 514 771 582 confirmant
792 517 859 582 otia
880 517 962 582 ruris

339 628 380 693 Et
402 646 480 692 oasa
501 626 666 710 iugeribus
688 646 752 692 non
774 646 910 694 onerosa
931 628 1007 694 suis.

256 747 272 803 5
296 740 365 805 Hoo
386 737 465 802 mihi
487 738 603 803 Baiani
625 739 709 803 soles
731 739 900 822 mollisque
921 739 1087 820 Lueriam,

339 850 409 915 Hoo
428 848 506 913 mihi
529 856 604 915 sunt
626 857 762 928 vestrae,
786 850 937 931 Castriee,
963 850 1105 918 divitiae.

296 943 465 1040 Quondam
487 959 637 1027 laudatas
660 981 850 1046 quoeunque
871 961 993 1028 libebat
1015 962 1058 1028 ad
1080 961 1184 1029 undas

340 1074 476 1139 Currere
498 1091 558 1137 neo
579 1073 693 1156 longas
716 1074 919 1157 pertimuisse
941 1075 1022 1153 vias,

296 1187 390 1251 Nune
411 1184 500 1249 urbis
522 1184 630 1249 vieina
651 1185 764 1251 iuvant
786 1184 963 1267 facilesque
984 1204 1146 1266 recessus·

239 1306 274 1362 10
340 1298 382 1362 Et
404 1296 483 1361 satis
506 1301 567 1377 est,
591 1295 683 1378 pigro
706 1296 734 1360 si
756 1295 833 1360 lieet
854 1314 927 1361 esse
949 1296 1036 1360 milri.

720 1415 835 1480 XLIV.

296 1528 427 1593 Festive
450 1526 554 1591 credis
575 1533 616 1605 te,
641 1525 831 1605 Calliodore
855 1528 954 1593 locari

338 1640 379 1705 Et
401 1640 503 1704 solum
525 1639 624 1703 multo
646 1637 868 1721 permaduisse
890 1640 967 1704 sale.

296 1749 452 1817 Omnibus
475 1747 613 1828 adrides,
637 1748 771 1815 dioteria
793 1750 930 1814 dioisin
952 1770 1077 1833 omnes3

340 1861 394 1927 Sio
416 1869 448 1927 te
471 1861 639 1926 convivam
661 1880 758 1944 posse
780 1861 910 1945 plaeere
932 1870 1036 1945 putas.

256 1982 272 2037 5
296 1975 338 2040 At
360 1974 388 2038 si
410 1991 470 2056 ego
492 1992 556 2037 non
578 1971 672 2051 belle,
697 1971 756 2037 sed
778 1991 855 2037 vere
876 1972 987 2039 dinero
1010 1972 1174 2057 quiddam,

339 2085 442 2150 Nemo
464 2083 656 2169 propinabit,
680 2082 870 2163 Gallionem,
894 2085 962 2150 tibi.

724 2204 822 2267 XLV.

232 2345 253 2400 p
297 2316 444 2393 Lusistis‚
467 2314 547 2380 satis
570 2321 632 2380 est:
656 2314 770 2379 lascivi
793 2315 903 2381 nubite
926 2317 1035 2380 eunni:

338 2427 502 2491 Permissa
523 2433 573 2491 est
594 2425 686 2490 nobis
708 2445 772 2490 non
794 2427 857 2490 nisi
880 2434 969 2492 casta
991 2427 1110 2493 Venus.

296 2539 386 2604 Haeo
409 2545 458 2604 est
480 2545 570 2603 easta
592 2539 722 2602 Venns‘l
743 2537 835 2603 nubit
856 2523 1008 2603 Laetoria
1030 2537 1156 2623 Lygdo:

339 2649 477 2733 Turpior
499 2669 579 2714 uxor
601 2649 671 2728 erit,
694 2668 791 2731 quam
813 2647 908 2714 modo
930 2650 1065 2715 moecha
1087 2649 1157 2715 fuit.

721 2768 835 2833 XLVI.

294 2881 436 2964 Vapulat
457 2877 594 2944 adsidue
616 2880 724 2944 veneti
747 2878 907 2963 quadriga
929 2880 1067 2965 flagello,

335 2993 405 3057 Neo
426 2991 537 3057 currit:
562 3010 713 3074 magnam
735 3010 811 3070 rem,
836 2990 979 3071 datiane,
1003 2991 1090 3058 faoit.

215 3110 450 3200 ——XLWL
485 3145 658 3212 adsidue(ae)
683 3146 766 3199 TXA
805 3144 920 3200 assidue
944 3146 1013 3198 Sola
1052 3149 1077 3198 2.
1109 3145 1180 3201 facit
1198 3147 1276 3201 EFo
1297 3150 1352 3202 Ser

213 3268 319 3322 Gilbert
332 3285 363 3337 p.
384 3274 417 3321 25
452 3219 568 3328 sacilQ
604 3264 677 3321 iacis
700 3266 812 3319 TSctn.

281 3391 305 3442 3.
335 3385 501 3439 Nomentani
515 3415 550 3423 -
568 3385 649 3438 raris.
680 3385 720 3439 Zu
738 3385 752 3438 1
773 3387 828 3449 105,
849 3388 860 3436 1
881 3385 939 3440 und
957 3385 986 3439 ll
1004 3388 1045 3451 38,
1066 3387 1090 3437 1.

280 3477 304 3527 l.
334 3470 399 3540 Vgl.
417 3469 515 3526 Horat.
536 3469 565 3525 C.
584 3471 597 3524 I
618 3473 662 3536 12,
682 3473 716 3522 tl
740 3470 833 3526 avitus
858 3477 926 3539 apto
945 3469 1016 3525 Cum
1041 3470 1100 3526 lare
1122 3468 1236 3526 fundus.
1274 3471 1351 3531 Cato

211 3560 246 3614 R.
261 3575 283 3612 r.
304 3574 328 3612 o.
344 3560 359 3609 3
377 3564 413 3612 ne
431 3556 502 3611 villa
518 3554 637 3611 fundum
654 3561 772 3628 quaerat
788 3571 860 3611 neve
878 3555 983 3612 fundus
1002 3556 1106 3611 villam.
1131 3555 1221 3612 Beide
1238 3558 1352 3616 Stellen

210 3642 368 3713 vergleicht
386 3642 458 3696 auch
476 3642 575 3697 Mumo
594 3640 713 3697 Journal
731 3640 765 3697 oi
780 3641 930 3712 philology
948 3641 988 3696 XI
1007 3658 1035 3711 p.
1056 3644 1115 3695 286.

281 3731 305 3782 8.
337 3730 478 3798 lonpaa—
496 3728 564 3782 vias.
594 3728 753 3792 211122.

279 3813 371 3870 XLIV
390 3817 414 3868 5.
442 3813 469 3867 ar·
489 3832 543 3884 epo.
586 3814 641 3869 Die
659 3812 768 3867 Elisiou
785 3828 843 3867 von
860 3812 884 3868 si
903 3814 977 3868 anob
995 3812 1051 3867 VII
1072 3814 1111 3879 18,
1132 3816 1173 3866 14.
1204 3814 1351 3873 LIIneller

210 3918 232 3957 r.
251 3918 286 3956 m.
307 3901 367 3954 283.
577 3899 702 3969 quiddam
720 3915 759 3954 se.
789 3904 818 3954 te
836 3914 899 3954 esse
917 3899 975 3954 oris
993 3899 1103 3968 impuri.

280 3989 305 4039 6.
333 3984 502 4056 prripr'nabr't.
533 3985 663 4050 tulos,
681 3989 706 4039 3.

282 4071 367 4127 XLV.
397 4071 463 4142 Vgl.
483 4071 524 4126 VI
542 4074 585 4124 22.

284 4160 307 4210 1.
338 4157 407 4212 XIV
425 4160 466 4223 79,
487 4160 498 4208 1
519 4156 622 4212 Ludite
639 4156 749 4222 lanelvi,
768 4156 820 4212 sed
838 4162 946 4212 tantum
964 4156 1055 4213 ludite
1074 4158 1156 4213 servi.

281 4246 307 4298 3.
339 4244 441 4313 prdo.
474 4242 513 4297 Zu
531 4242 571 4297 VI
590 4244 632 4307 39,
653 4245 693 4295 13.
729 4242 797 4297 Hier
815 4241 871 4298 vvol
889 4242 935 4298 ein
952 4242 1084 4306 Eunuch3
1105 4244 1164 4313 vgl.
1183 4242 1223 4296 Vl
1241 4244 1284 4298 61.

280 4328 382 4383 XLVI.
418 4327 482 4398 Vgl.
500 4327 568 4384 XIV
586 4332 628 4382 55.
667 4328 738 4384 Eine
759 4328 955 4399 Verspottung
976 4330 1027 4385 der
1049 4346 1107 4385 von
1128 4328 1274 4385 Domitian
1299 4332 1353 4387 mit
