2978 4988
221 313 281 375 218
498 360 500 365 .
626 309 661 364 Μ.
680 309 786 365 Valerii
804 310 940 365 Martialis

305 482 377 546 Non
400 483 581 564 convivere
606 500 666 547 nec
688 481 938 561 videresaltim‚

305 594 376 660 Non
400 593 513 658 audire
535 594 618 671 licet,
642 612 702 659 nec
724 592 804 659 urbe
825 600 895 658 tota

245 713 280 768 lo
304 704 481 787 Quisquam
507 713 556 770 est
578 712 643 770 tam
665 724 766 788 prope
788 712 854 770 tam
877 705 1054 789 proculque
1076 706 1177 771 nobis.
1299 706 1307 731 l

303 815 508 900 Migrandum
531 823 581 882 est
601 816 680 880 mihi
702 816 831 899 longius
854 816 908 881 vel
930 816 990 880 illi.

304 930 436 994 Vicinus
459 928 562 994 Novio
585 927 637 992 vel
660 928 837 1010 inquilinus

304 1040 360 1117 Sit,
385 1040 412 1104 si
437 1039 509 1120 quis
528 1039 667 1105 Novium
690 1038 802 1105 videre
824 1059 887 1106 non
911 1039 988 1104 vult.

685 1220 881 1286 LXXXVII.

304 1351 353 1416 Ne
374 1349 485 1433 grauis
507 1347 658 1414 hesterno
680 1347 815 1431 fragres,
839 1349 1030 1429 Pescennius,
1056 1349 1143 1425 vino,

345 1460 499 1526 Pastillos
521 1459 629 1525 Cosmi
652 1459 820 1526 luxuriosa
840 1477 947 1525 voras.

304 1573 371 1637 Ista
391 1573 497 1637 linunt
519 1569 633 1636 dentes
656 1571 829 1652 iantacula,
855 1568 914 1636 sed
935 1568 1016 1635 nihil
1039 1570 1178 1649 obstant

346 1684 497 1748 Extremo
519 1690 629 1748 ructus
652 1701 723 1748 eum
746 1681 830 1748 redit
853 1702 873 1746 a
895 1681 1057 1747 barathro.

261 1804 277 1856 5
302 1793 388 1872 Quid
411 1792 497 1876 quod
520 1794 585 1859 olet
606 1795 738 1876 gravius
761 1795 895 1858 mixtum
919 1792 1122 1878 diapasmate
1145 1795 1233 1859 virus

344 1907 452 1988 Atque
474 1903 595 1988 duplex
618 1906 746 1970 animae
768 1904 897 1989 longius
921 1906 988 1970 exit
1010 1904 1109 1969 odori

303 2018 404 2082 Notas
427 2037 504 2101 ergo
526 2017 622 2082 nimis
644 2015 777 2082 fraudes
799 2016 1024 2100 deprensaque
1046 2016 1133 2082 furta

346 2130 414 2193 lam
439 2128 536 2193 tollas
560 2136 592 2194 et
614 2129 658 2194 sis
682 2127 773 2193 ebria
795 2128 994 2212 simpliciter.

677 2308 888 2374 LXXXVIII.

301 2420 436 2503 Alcime,
461 2439 555 2502 quem
578 2427 705 2504 raptum
729 2418 857 2485 domino
880 2418 1099 2485 crescentibus
1122 2420 1215 2484 anule

345 2533 511 2597 Lauicano
532 2530 598 2596 levi
622 2532 767 2614 caespite
789 2528 879 2596 velat
900 2529 1026 2598 humus.

318 2735 464 2790 LXXXVI
482 2738 505 2789 8.
525 2735 617 2790 saltim
641 2737 671 2790 Τ.

319 2820 479 2874 LXXXVII
502 2823 525 2872 3.
544 2820 693 2890 jentacula
721 2822 800 2875 TPF
827 2821 974 2890 jentacula
999 2822 1171 2877 EXABOc·
1206 2820 1350 2876 ientacula

218 2910 299 2971 Q(en
317 2911 373 2978 aas
388 2907 494 2971 Raeur)
513 2925 534 2958 ω
571 2907 687 2962 obstant
708 2907 807 2960 OSedn
843 2907 1005 2962 obstentT
1039 2907 1135 2963 obstat
1153 2907 1252 2968 PQFo
1268 2908 1324 2959 Ser.

319 3076 493 3132 LXXXVIII
514 3080 535 3130 1.
555 3076 636 3134 ovid.
647 3078 716 3134 Aa.
730 3078 745 3132 Ι
759 3080 788 3130 61
812 3079 868 3134 Seu
887 3078 998 3147 ceperis
1016 3078 1113 3147 primis
1132 3085 1160 3132 et
1178 3078 1272 3132 adhuc
1291 3092 1350 3131 erc-

216 3164 361 3220 scentibus
380 3164 468 3220 annis.

216 3281 291 3287 ——--—
313 3281 419 3288 ——

286 3354 325 3407 12.
344 3351 497 3421 asqtoaa.
535 3353 743 3423 Hausgsnosss‚
767 3354 793 3408 is
817 3354 865 3423 qui
883 3354 1002 3409 eundem
1022 3352 1091 3407 colit
1109 3350 1212 3406 focum.
1249 3349 1351 3406 Festus

217 3452 245 3505 p.
267 3440 308 3490 79.

284 3521 875 3594 LXXXVll.l.Vgl.129‚1nndVl.

285 3608 308 3657 t.
334 3608 428 3662 Cosmi.
464 3606 584 3665 Cosmus
618 3609 668 3664 der
695 3608 805 3664 damals
830 3608 1023 3664 beriihmteste
1054 3604 1259 3661 Parlllmerien-
1292 3606 1351 3660 und

216 3692 481 3750 Essennenhdndler
498 3695 594 3750 Roms.
621 3695 686 3764 Vgl.
706 3694 749 3748 lll
769 3696 815 3759 553
836 3695 869 3746 82
887 3693 943 3747 Vll
962 3695 991 3746 41
1014 3696 1056 3759 (ἧς
1074 3691 1115 3746 XI
1134 3693 1163 3753 ὃς
1187 3695 1232 3756 15;
1256 3695 1298 3758 18;
1318 3695 1350 3743 50

216 3777 271 3832 Xll
290 3781 336 3843 553
356 3782 388 3831 65
407 3779 476 3834 XIV
495 3782 541 3844 593
563 3782 626 3844 110;
650 3782 706 3833 146.

280 3865 415 3934 pastillos.
442 3864 509 3935 Vgl.
528 3864 625 3920 Horat.
645 3863 703 3920 Sat.
722 3864 773 3928 12,
795 3864 827 3916 11
845 3863 905 3919 und
924 3863 937 3917 l
955 3867 980 3928 4,
998 3865 1041 3916 92.

284 3953 308 4006 5.
332 3951 512 4022 diapasmate:
535 3949 727 4020 Strcupnlver.
753 3948 825 4003 Plin.
850 3947 884 4002 ll.
899 3949 932 4003 ’1.
954 3948 1024 4003 XIII
1045 3950 1075 4001 111
1095 3947 1193 4014 (Siccis
1217 3950 1350 4004 odoribus

216 4042 337 4101 constat,
357 4052 430 4106 quae
448 4037 627 4106 diapasmata
643 4041 790 4101 vocantur)
811 4035 871 4091 und
888 4033 956 4089 XXI
976 4036 1034 4088 125.

284 4121 467 4180 LXXXVIII.
503 4122 565 4179 Ans
589 4123 645 4179 den
662 4122 727 4177 'l'od
751 4121 828 4177 elnes
846 4122 884 4176 im
902 4120 1037 4177 Knabsn·
1060 4121 1129 4176 oder
1147 4127 1241 4177 ersten
1259 4120 1351 4188 lting-

216 4207 365 4277 lingsalter
382 4209 539 4265 stehendsn
555 4207 679 4264 Sklavsn
690 4207 757 4272 llls,
779 4207 829 4263 der
847 4223 884 4262 an
902 4207 952 4263 der
962 4207 1011 4262 via
1022 4207 1167 4262 Lauicano
1182 4206 1352 4276 (llarqnardt

218 4293 274 4349 Prl.
295 4295 355 4356 352,
378 4298 399 4361 1)
417 4295 562 4364 begraben
580 4310 646 4349 war.
