2978 4988
624 352 659 407 li.
679 353 785 410 Valerii
803 353 940 411 Martialis

304 524 431 591 Curvae
453 525 593 590 Manlius
615 545 695 590 arva
716 526 917 592 Vativescae.

303 637 394 701 Haec
416 643 481 702 tarn
504 637 632 715 rustica,
657 636 797 703 delicate
818 637 928 715 lectur,

303 754 402 822 Rides
424 750 576 816 uominai
598 749 705 814 rideas
728 748 845 815 licebit

303 869 393 933 Haec
415 873 480 931 tam
503 862 623 927 rustica
645 862 741 926 malo.
766 881 863 943 quam
885 862 1053 936 Butuntos.

742 1024 825 1088 LVI.

303 1141 437 1206 Munera
460 1137 546 1221 quod
568 1135 700 1202 senibus
723 1134 895 1218 viduisque
916 1136 1063 1220 ingentia
1084 1141 1194 1221 mittis,

347 1253 404 1317 Vis
428 1259 460 1316 te
482 1246 674 1325 munificum,
700 1245 898 1330 Gargiliane.
923 1254 1056 1314 vccemi

303 1361 471 1430 Sordidius
493 1359 575 1425 nihil
599 1367 656 1435 est,
680 1357 760 1422 nihil
784 1366 833 1424 est
855 1365 887 1423 te
909 1360 1056 1443 spurcius
1079 1383 1153 1445 nnc,

345 1474 407 1552 Qui
430 1479 522 1558 petes
544 1469 680 1536 insidias
702 1468 788 1536 dona
810 1489 926 1536 vocare
948 1479 1033 1538 tuas.

260 1598 277 1650 5
302 1587 356 1653 Sic
378 1583 484 1651 avidis
507 1583 608 1649 fallax
631 1580 778 1665 indulget
799 1581 943 1665 piscibus
965 1583 1091 1659 hamus,

345 1695 474 1764 Callida
495 1696 542 1761 sic
564 1694 680 1760 stultas
703 1693 824 1777 decipit
846 1712 921 1758 esea
943 1694 1040 1761 feras.

302 1809 388 1887 Quid
410 1809 452 1874 sit
474 1807 595 1890 largiri,
621 1805 699 1887 quid
721 1805 764 1870 sit
786 1803 916 1884 donare,
941 1805 1071 1886 docebo,

345 1920 380 1985 Si
403 1919 522 1985 nescis:
546 1915 640 1994 dena,
665 1916 863 1999 Gargiliane
888 1916 978 1983 milri.

736 2097 834 2161 LVII.

302 2212 387 2279 Dum
410 2230 468 2276 nes
491 2207 612 2276 blanda
634 2215 745 2273 tenent
767 2209 881 2273 lascivi
904 2215 1021 2293 stagna
1044 2212 1173 2278 Lucrini

345 2324 386 2388 Et
408 2341 493 2405 quae
515 2320 671 2405 pumiceis
693 2320 835 2388 fontibus
858 2328 952 2386 antra
973 2321 1091 2404 calent,

302 2436 353 2500 Tu
375 2434 455 2500 celis
477 2433 574 2516 Argei
598 2451 743 2516 regnum,
767 2432 935 2530 Faustine,
960 2433 1072 2512 coloni,

216 2559 421 2568 .......-.—-

318 2621 398 2676 LVII
419 2623 440 2676 i.
471 2620 584 2677 Lucrini
604 2620 677 2673 codd.
698 2619 793 2683 (lavini
807 2620 1003 2676 Raadlucrini
1026 2624 1056 2684 Q)
1070 2622 1188 2680 Neronis
1212 2629 1237 2681 Τ
1255 2631 1278 2683 3,
1297 2627 1350 2683 Ar.

216 2708 262 2779 gei
282 2709 344 2761 Hac
362 2706 451 2777 Argoi
469 2706 642 2760 EXABGG
660 2705 739 2775 Angli
764 2707 788 2759 Τ
804 2704 903 2776 Argivi
924 2707 1005 2768 PQF
1021 2709 1078 2761 Ser.

217 2833 408 2841 —..——.—.

318 2911 382 2966 LVI
400 2916 423 2968 5.
443 2910 523 2966 ovid.
544 2911 587 2965 Ex
604 2912 634 2966 P.
652 2911 680 2966 11
699 2915 722 2976 I,
741 2914 756 2963 9
775 2910 872 2967 fallaci
891 2913 979 2982 piscis
998 2915 1034 2971 ab
1052 2916 1144 2971 hamc.

317 2996 396 3053 LVII
415 2999 440 3050 3.
459 2996 557 3052 Horat.
578 2995 654 3051 c.11
673 3000 697 3062 6,
716 3001 731 3048 5
750 2996 838 3053 Tibur
855 2997 951 3068 Argeo
969 3001 1094 3069 positum
1113 3004 1224 3059 colono.

215 3114 419 3123 .—.-.——-—

316 3186 390 3242 LVI.
417 3187 515 3242 loann.
542 3186 646 3242 Sarisb.
674 3185 746 3256 ling.
774 3185 876 3242 Oudai.
901 3203 930 3256 p.
951 3191 1001 3242 602
1025 3189 1106 3247 Unde
1130 3190 1260 3263 Coqnns:
1285 3194 1347 3248 liu-

213 3289 282 3330 nera
299 3274 375 3345 qued
394 3280 449 3328 etc.

282 3463 323 3512 26.
364 3459 522 3514 Vetiveccac.
553 3461 593 3514 Zu
611 3460 623 3513 l
642 3464 683 3526 ts,
704 3464 744 3512 ll.

282 3544 355 3600 LVI.
387 3543 480 3602 Ueber
498 3546 544 3600 die
561 3544 729 3601 Gescheulre
746 3547 796 3602 der
814 3547 1029 3605 Erbsehleicher
1047 3548 1092 3604 SG
1110 3551 1124 3605 I
1143 3554 1192 3604 368
1211 3551 1230 3606 f.

283 3635 306 3684 5.
336 3631 436 3683 lamae.
472 3630 591 3696 Vitii
617 3632 765 3687 Imitantur
789 3633 887 3689 hames
906 3635 991 3690 dona.
1027 3635 1153 3705 Namque
1172 3637 1236 3706 quis
1254 3641 1346 3695 nescit

212 3716 336 3772 Avidum
354 3722 455 3772 vorata
473 3717 568 3786 decipi
587 3733 696 3773 scarum
708 3735 805 3774 musca
831 3719 871 3774 VI
890 3721 960 3786 63,6
989 3720 1122 3778 »Munera
1133 3739 1236 3793 magua
1252 3732 1345 3782 tamen

213 3803 316 3858 misit«.
349 3802 405 3859 sed
423 3803 500 3859 misit
516 3803 546 3858 in
564 3804 656 3859 hamc.

281 3891 304 3940 8.
340 3888 504 3959 (serpillum.
537 3888 607 3944 zui
628 3892 712 3953 162.

280 3974 368 4029 LVII.
383 3976 405 4028 1.
435 3974 631 4046 waaictapaa
642 3975 765 4030 Lucrini.
794 3975 834 4031 Zu
846 3976 859 4030 l
872 3979 913 4042 62,
926 3981 951 4030 3.
971 3977 1085 4034 Lascivi
1097 3984 1255 4051 wegeuder
1268 3984 1345 4052 Uep-

212 4060 322 4130 piglreit
339 4061 390 4116 des
408 4059 599 4131 Bajanischen
616 4060 801 4117 Badelebens.

280 4148 305 4198 2.
333 4146 464 4216 pumiceis
480 4149 613 4219 sentitus.
650 4147 720 4205 Stat.
742 4147 768 4204 S.
788 4149 830 4204 III
851 4152 877 4215 i,
899 4152 946 4202 lli
971 4151 1054 4219 Ipsae
1077 4153 1214 4221 pumiceis
1239 4156 1345 4212 virides

210 4231 346 4289 Nereides
364 4233 453 4289 antris
471 4233 618 4290 Exsilinnt.

280 4321 304 4373 3.
334 4317 472 4373 Faustina.
501 4320 572 4375 zui
591 4323 632 4372 25.
