2978 4988
376 348 606 417 Epigrammatcn
624 347 708 404 Liber
725 349 752 403 ΙΙ
775 349 812 414 (in
830 350 885 405 den
903 349 931 403 J.
952 350 1051 417 litfrid).
1221 353 1276 416 271

235 521 304 585 Hoc
326 518 534 585 salamandra
556 528 644 587 notet
666 521 719 586 vel
741 539 842 585 saeva
864 522 1020 586 novacula
1045 520 1153 599 nudet,

279 633 322 699 Ut
344 632 446 715 digna
467 634 597 716 speculo
619 631 677 698 fiat
698 632 806 716 imago
828 640 894 698 tuo.

647 769 779 834 LXVII.

236 881 383 948 Occurris
405 899 596 964 quocunque
617 881 687 946 loco
709 880 798 955 mihi,
821 881 982 958 Postume,
1006 883 1126 945 clamas

278 994 428 1060 Protinus
450 1002 482 1059 et
504 992 608 1076 prima
631 999 680 1058 est
701 990 784 1057 haec
804 1000 861 1058 tua
883 1011 946 1057 vox
969 988 1069 1069 »Quid
1091 993 1196 1076 ogisi«

156 1150 178 1158 --
236 1106 313 1175 Hoc.
337 1105 365 1170 si
387 1123 439 1169 me
462 1103 569 1169 decies
592 1123 657 1168 una
679 1103 866 1168 conveneris
888 1102 976 1173 hora.

279 1216 383 1281 Dicis:
414 1215 517 1281 habes
539 1222 616 1299 puto
638 1223 682 1292 tu,
706 1216 866 1291 Postume,
889 1215 934 1279 nil
958 1213 1043 1296 quod
1066 1234 1157 1298 agas.

211 1402 234 1436 r
640 1352 786 1416 LXVIII.

235 1463 329 1543 Quod
351 1473 383 1530 te
406 1464 534 1529 nomine
556 1463 621 1528 iam
643 1471 697 1529 tuo
720 1465 835 1541 saluto,

234 1572 337 1652 Quem
361 1595 469 1659 regem
493 1583 525 1641 et
547 1574 710 1641 dominum
732 1567 821 1659 orius
843 1574 1011 1640 vocabam.

236 1687 286 1751 Ne
308 1706 361 1753 me
383 1685 505 1753 dixeris
527 1706 599 1752 esse
622 1695 855 1753 contumacem:

235 1799 327 1864 Totis
349 1799 449 1884 pillea
470 1798 605 1864 sarcinis
627 1796 762 1864 redemi.

195 1917 211 1970 5
235 1910 341 1994 Reges
365 1919 397 1976 ct
419 1909 565 1976 dominos
588 1909 709 1976 habere
732 1909 840 1985 debet,

234 2021 296 2100 Qui
320 2040 356 2088 se
379 2021 563 2089 nonhabet
585 2030 682 2104 atque
705 2022 902 2105 concupiscit

234 2130 328 2211 Quod
349 2152 444 2217 reges
466 2132 651 2216 dominique
673 2133 909 2217 concupiscunt.

234 2244 369 2310 Servum
392 2244 421 2310 si
443 2252 544 2328 potes,
569 2244 638 2324 Oia,
661 2264 725 2310 non
747 2243 878 2321 habere,

232 2357 273 2422 Et
294 2375 403 2440 regem
426 2364 526 2441 potes,
550 2356 619 2435 010,
642 2376 705 2421 non
728 2354 856 2421 habere.

651 2493 768 2558 LXIX.

233 2604 373 2670 Invitum
396 2624 512 2672 cenare
533 2605 612 2671 foris
635 2613 676 2684 te,
700 2604 853 2682 classice,
877 2602 973 2670 dieis:

276 2715 311 2781 Si
334 2736 397 2781 non
420 2718 574 2797 mentiris,
599 2717 752 2795 classice,
775 2714 967 2801 dispeream.

250 2886 341 2943 LXVI
360 2890 384 2941 8.
409 2895 459 2943 tuo
479 2889 580 2942 PEFa
592 2889 642 2941 Sar
652 2888 738 2941 Sada²
773 2894 823 2943 tua
846 2889 952 2958 Τρνθς
962 2889 1032 2942 Sala
1040 2889 1055 2942 ¹.

251 2972 372 3028 LXVIII
391 2977 414 3025 4.
436 2973 524 3042 pillea
543 2975 653 3035 PQXA
681 2973 757 3042 pilea
776 2975 853 3027 Solen.

216 3131 240 3180 t.
271 3128 449 3181 rahmmrdra.
489 3127 561 3182 Plin.
587 3127 620 3182 N.
641 3127 670 3181 1.
689 3126 716 3180 X
736 3131 783 3181 188
812 3128 1022 3192 (salamandrae)
1050 3129 1129 3184 saule
1154 3144 1282 3199 -qua-

148 3228 267 3284 cumque
285 3219 366 3282 parte
385 3213 512 3282 corporis
530 3213 643 3268 humani
662 3219 797 3269 contacta
815 3214 868 3269 toti
891 3213 1019 3268 defluunt
1036 3214 1096 3282 pili.
1127 3214 1167 3270 Ib.
1187 3213 1282 3267 XXIX

151 3301 198 3351 116
221 3298 296 3368 pilos
315 3299 344 3353 in
363 3299 406 3355 lds
421 3299 616 3354 Incommodos
634 3298 749 3354 evolsos
766 3298 876 3355 renasci
895 3315 952 3354 non
969 3300 1282 3368 patitur-salamandrae

148 3384 226 3441 ciuis.
263 3385 376 3440 Patron.
397 3383 456 3440 Sat.
483 3387 530 3437 107
555 3382 575 3439 I.
602 3400 675 3453 quae
699 3384 878 3440 salamandra
901 3385 1054 3455 supercilia
1072 3393 1122 3442 tua
1140 3386 1282 3442 excussit?

216 3474 241 3524 8.
273 3470 353 3541 diona
370 3472 483 3539 speculo.
517 3469 638 3540 Witrdig
660 3471 710 3527 des
729 3469 870 3540 splegno,
896 3471 945 3526 der
967 3488 1016 3527 zur
1034 3471 1189 3542 Vertlbung
1206 3471 1283 3527 siner

149 3557 265 3612 solchen
282 3556 407 3612 Rchheit
424 3556 541 3626 gedient
559 3557 615 3621 hat,
635 3556 663 3611 d.
679 3556 705 3610 1.
718 3556 940 3613 abschreclrend.
966 3558 1058 3614 Uaber
1070 3558 1117 3614 die
1129 3557 1282 3629 Verl‘ange·

148 3659 220 3714 rung
238 3644 288 3699 des
308 3646 323 3696 t
339 3642 428 3698 durch
442 3644 493 3698 das
512 3659 545 3711 sp
565 3643 616 3698 des
634 3642 772 3698 nlichsten
790 3642 904 3699 Wortes
922 3643 1062 3700 LlIueller
1081 3661 1103 3700 r.
1124 3661 1158 3699 m.
1179 3660 1207 3712 p.
1220 3647 1279 3698 320.

216 3728 342 3783 LXVIII.
388 3732 409 3782 1.
434 3731 457 3782 2.
486 3727 579 3785 Ueber
607 3728 653 3784 dle
676 3727 790 3785 Amede
814 3729 865 3785 des
887 3729 1008 3788 Patrona
1031 3747 1088 3786 uon
1113 3730 1208 3786 Seiten
1232 3731 1282 3786 der

148 3814 277 3872 Clienten
295 3831 330 3870 au
348 3814 361 3868 I
384 3816 439 3867 111.

216 3904 241 3954 t.
276 3901 312 3956 D.
333 3900 360 3955 1.
380 3901 427 3956 ich
451 3901 524 3956 habe
548 3900 638 3956 meina
661 3899 786 3957 Freiheit
809 3902 904 3964 (deren
925 3902 1046 3958 Zeioheu
1070 3902 1120 3956 der
1137 3898 1196 3957 IIut
1216 3915 1279 3966 war)

149 3987 199 4042 mit
215 3985 391 4057 Ausgebung
415 3985 483 4042 aller
501 3985 660 4048 Vortheile‚
684 3987 729 4043 dle
752 3987 804 4042 mir
821 3989 873 4044 das
899 3985 1199 4044 Clientel-Verhdltnls
1222 3987 1280 4051 bot,

149 4071 268 4128 erkaust.
299 4071 391 4127 Ueber
409 4072 478 4128 totis
496 4088 531 4128 au
549 4072 589 4127 Vl
608 4076 649 4137 85,
672 4077 709 4126 10.

216 4161 293 4211 5-8.
313 4157 367 4213 Dic
380 4157 603 4229 Wiederholnng
622 4159 771 4215 dorselben
782 4156 881 4214 Worta
899 4159 958 4214 und
971 4156 1161 4229 Wandungen
1178 4160 1208 4216 ln
1226 4159 1281 4216 Oa-

150 4242 224 4299 tull's
242 4242 357 4299 Manier.
390 4242 550 4300 Paulrstadt
567 4261 597 4314 p.
617 4247 717 4297 ar-at
736 4245 795 4300 und
814 4260 849 4299 au
867 4245 896 4298 II
914 4247 955 4308 tl,
975 4246 1015 4297 34.

217 4329 317 4384 LXIX.
350 4332 371 4382 1.
391 4348 483 4384 cenare
500 4330 585 4402 soris.
618 4329 658 4385 Zu
677 4331 704 4385 ll
725 4333 764 4395 11,
785 4333 824 4383 10.
906 4331 931 4385 2.
949 4329 1104 4399 dispersero.
1128 4331 1280 4397 Zul39‚8.
