2978 4988
384 367 615 438 Epigrammaton
632 367 716 424 Liber
734 366 777 420 III
799 367 836 430 (iu
854 367 909 422 den
928 367 956 422 J.
978 368 1074 434 Sllstl.
1232 371 1295 434 289

206 548 223 603 5
247 541 298 604 Tu
319 547 428 605 tamen
450 559 485 604 es
508 537 656 617 Quintus:
681 546 840 604 mutemus
862 558 977 604 nomen
1000 540 1150 604 amantis:

290 651 324 716 Si
347 670 410 715 non
433 652 501 717 vult
524 649 671 730 Quintus,
694 648 824 715 Thaida
846 649 964 717 Sextus
986 658 1080 716 amet.

689 813 763 878 XII.

248 925 465 1008 Unguentum,
488 924 600 1003 fateor,
624 923 742 990 bonum
764 922 883 990 dedisti

249 1036 402 1102 Convivis
423 1035 510 1115 here,
534 1033 592 1101 sed
614 1034 693 1099 nihil
717 1034 849 1100 scidisti.

248 1148 313 1213 Res
336 1149 424 1212 salsa
446 1155 496 1212 est
518 1147 600 1212 bene
623 1147 709 1211 olere
732 1155 764 1213 et
787 1148 917 1212 esurire.

249 1258 310 1337 Qui
333 1278 396 1323 non
420 1266 514 1324 cenat
537 1265 568 1323 et
590 1258 750 1341 unguitur,
774 1257 920 1333 Fabulle,

208 1379 224 1433 5
248 1371 309 1435 Hic
332 1389 409 1435 vere
431 1369 510 1434 mihi
533 1376 675 1435 mortuus
698 1367 836 1434 videtur.

680 1531 770 1595 XIII.

249 1644 334 1707 Dum
357 1663 420 1708 non
442 1645 492 1709 vis
515 1644 630 1727 pisces,
655 1640 731 1707 dum
753 1661 817 1707 non
839 1643 889 1706 vis
913 1661 1044 1727 carpere
1067 1644 1183 1726 pullos,

291 1755 332 1820 Et
353 1753 427 1837 plus
449 1774 547 1836 quam
569 1754 663 1838 putri,
686 1753 824 1835 Naevia,
850 1755 956 1839 parcis
979 1773 1066 1837 apro,

247 1865 391 1930 Accusas
412 1866 597 1949 rumpisque
620 1884 740 1945 cocum,
762 1873 915 1948 tanquam
938 1865 1045 1930 omnia
1067 1863 1167 1929 cruda

290 1977 449 2042 Attulerit.
488 1976 661 2058 Nunquam
684 1977 731 2040 sic
753 1996 813 2060 ego
837 1975 953 2041 crudus
976 1995 1038 2041 ero.

686 2138 772 2203 XIV.

246 2249 379 2314 Romam
403 2249 533 2333 petebat
555 2251 691 2315 esuritor
714 2249 851 2314 Tuccius

290 2360 457 2426 Profectus
479 2380 519 2426 ex
542 2361 709 2443 Hispania.

266 2547 306 2601 XI
325 2552 349 2601 6.
382 2547 509 2614 QuIntus,
529 2547 640 2603 Thaida
663 2548 767 2602 Gillrcrt
802 2548 922 2615 Qulntns
941 2546 1059 2613 Illalda,
1080 2549 1155 2601 Solu.

266 2633 335 2687 XIII
353 2636 378 2685 2.
397 2634 472 2701 putri
492 2635 554 2687 Hm
574 2635 643 2687 Scin
678 2635 752 2702 patri
770 2634 843 2688 codd.
865 2635 921 2687 Sor.

265 2786 320 2841 llll
340 2790 362 2839 1.
382 2788 406 2842 2.
438 2787 573 2843 Princlan.
593 2789 663 2844 Inst.
682 2787 709 2841 X
726 2792 750 2854 4,
770 2787 1001 2854 2416111516,
1021 2790 1062 2854 25)
1087 2788 1186 2854 ,scidit‘
1213 2789 1295 2857 ponit

163 2872 299 2928 Martialis
316 2873 346 2927 ln
363 2872 406 2926 Ill
426 2873 648 2942 epigrammaton
667 2873 853 2943 ,Unguentum
869 2905 904 2914 —
923 2875 1054 2930 scidisti‘

166 2975 370 2987 ..ᾔ-ή-

231 3042 294 3098 XII.
310 3048 335 3099 l.
357 3043 476 3099 Fabulle.
495 3043 649 3100 Derllame
658 3046 696 3102 lst
708 3047 759 3100 mit
768 3045 944 3115 ErInnernng
957 3063 992 3101 an
1006 3046 1107 3102 Catull.
1117 3051 1146 3098 13
1159 3047 1292 3116 gewithlt.

231 3129 311 3183 XIII.
342 3129 386 3183 IIl
404 3133 437 3181 91
455 3130 524 3185 tiber
542 3131 672 3186 dasselbe
691 3130 807 3186 Thema.

235 3219 255 3266 1.
286 3233 408 3284 corpora
440 3216 583 3285 zerlegen,
610 3216 664 3270 wie
690 3218 803 3271 Petron.
844 3233 868 3271 c.
898 3219 931 3269 36
960 3221 1011 3280 (wo
1039 3218 1089 3272 der
1116 3218 1220 3272 scissor
1243 3219 1295 3273 des

164 3300 334 3356 Trimalchio
353 3298 463 3370 Carpus
481 3302 586 3367 helsen)
615 3302 714 3372 ltaque
732 3302 956 3371 quotiescunque
975 3302 1045 3357 dicit
1062 3318 1178 3371 »carpe«
1197 3304 1295 3358 eodem

164 3388 250 3443 verbo
269 3393 298 3442 et
315 3394 401 3443 vocat
419 3395 448 3443 et
465 3389 593 3456 imperat.

233 3475 258 3524 3.
288 3470 442 3543 rumpisque
460 3492 557 3527 cocum.
587 3474 672 3543 Digg.
694 3473 743 3538 IX,
759 3477 782 3539 2,
802 3476 833 3526 27
860 3473 981 3542 (ulpian.
1001 3474 1018 3528 l.
1037 3473 1134 3528 XVIII
1153 3476 1190 3530 ad
1208 3475 1296 3531 Edic-

165 3561 232 3621 tum}
257 3557 376 3623 §tllex
396 3557 521 3628 Aquilia)
545 3589 579 3599 -
601 3559 626 3615 si
648 3559 696 3630 qul
720 3560 801 3615 ultori
825 3561 958 3615 damnum
981 3560 1065 3625 faxit,
1091 3562 1167 3630 quod
1192 3563 1296 3617 usserit

164 3642 280 3712 fregerit
297 3644 404 3711 ruperit
421 3644 524 3716 injuria
541 3652 596 3700 etc.
628 3646 641 3711 l
656 3648 697 3698 17.
716 3645 841 3715 Ruplsso
854 3661 917 3701 eum
935 3647 1034 3717 utique
1047 3648 1227 3716 accipiemus,
1247 3649 1295 3717 qui

164 3728 354 3784 vulneraverit
377 3729 423 3784 vel
447 3731 534 3800 virgis
558 3731 603 3787 vel
625 3731 694 3788 loris
711 3733 757 3788 vel
782 3733 885 3802 pugnis
904 3734 1016 3799 cecidit,
1035 3733 1080 3788 vel
1099 3734 1157 3788 telo
1175 3735 1220 3789 vel
1240 3749 1296 3804 quo

165 3815 234 3878 alio,
254 3821 285 3870 ut
303 3815 445 3871 sciuderet
463 3817 548 3872 alicui
573 3833 677 3886 eorpus
695 3818 740 3873 vel
758 3824 895 3875 tumorem
913 3818 1019 3875 fecerit.
1050 3819 1115 3888 Vgl.
1134 3818 1202 3872 xlx
1221 3823 1244 3884 2,
1263 3822 1295 3871 30

164 3903 220 3967 §2
246 3899 352 3955 XLVII
372 3903 411 3965 lu,
430 3904 445 3952 9
465 3902 593 3971 (Ulpiani
616 3908 733 3967 (servus)
753 3903 880 3959 Praesidi
905 3905 1065 3961 offerendus
1083 3910 1140 3967 est,
1165 3905 1213 3972 qul
1232 3920 1295 3959 enm

165 3985 260 4055 flagris
278 3994 396 4055 rumpat

233 4076 256 4123 ³.
275 4076 300 4125 4.
332 4073 415 4126 ouda
426 4101 461 4111 -
473 4074 577 4126 nudus.
608 4073 685 4142 Spiel
704 4075 754 4129 mit
767 4075 828 4130 dom
842 4074 1020 4144 DoppelsInn
1037 4089 1095 4128 von
1113 4075 1225 4139 crudus,
1244 4076 1296 4130 das

164 4158 252 4215 sowol
270 4175 326 4213 von
345 4158 424 4213 nleht
441 4158 783 4229 gargelrochtenSpelsen
801 4160 844 4215 als
862 4176 919 4214 von
930 4158 1081 4214 Mensclren
1099 4167 1200 4228 gesagt
1218 4161 1295 4224 wtrd,

165 4246 210 4300 die
229 4245 289 4300 sicli
309 4245 346 4298 im
363 4244 489 4299 Zustand
507 4245 556 4300 der
574 4243 844 4300 Unverrlaullohlreit
861 4244 1001 4300 befinden.

232 4329 308 4383 XIV.
329 4332 353 4381 l.
384 4329 505 4382 esuritor.
536 4329 720 4394 nulllus.

218 4431 306 4473 llrrrlsl
320 4431 337 4472 l.
1060 4434 1090 4484 19
