2978 4988
629 334 664 387 hl.
685 337 791 391 Valerii
809 336 945 393 Martialis

764 510 818 573 1v.

309 617 402 696 Quod
425 619 529 683 siccae
552 620 675 686 redolet
697 623 790 703 palus
812 620 958 700 lacunae,

309 730 486 796 Crudarum
509 731 647 796 nebulae
670 730 757 814 quod
778 731 977 811 Albularum,

309 842 457 906 Piscinae
480 850 572 907 vetus
595 863 675 907 aura
697 842 782 925 quod
805 843 958 922 marinae,

309 953 401 1031 Quod
424 972 537 1037 pressa
561 954 651 1036 piger
672 953 780 1018 hircus
801 954 836 1018 in
858 955 994 1038 capella,

269 1075 285 1128 5
310 1065 403 1129 Lassi
425 1064 598 1130 vardaicus
621 1063 707 1146 quod
730 1065 863 1144 evocati,

309 1175 402 1253 Quod
425 1174 474 1239 bis
496 1175 617 1239 murice
639 1175 745 1239 vellus
767 1176 977 1258 inquinatum,

309 1286 401 1365 Quod
423 1286 545 1350 ieiunia
567 1286 833 1365 sabbatariarum

308 1399 501 1463 Maestorum
525 1395 610 1478 quod
633 1397 794 1464 anhelitus
817 1417 949 1476 reorum,

309 1508 401 1587 Quod
424 1527 560 1592 spurcae
582 1509 720 1573 moriens
743 1508 875 1574 lucerna
896 1508 1016 1589 Ledae,

249 1631 283 1684 10
308 1620 400 1698 Quod
424 1627 585 1685 ceromata
607 1620 698 1685 faece
721 1618 762 1684 de
785 1619 914 1698 Sabina,

309 1730 401 1809 Quod
423 1732 531 1815 vulpis
553 1731 641 1815 fuga,
664 1731 796 1815 viperae
819 1732 932 1809 cubile,

308 1843 437 1908 Mallem
461 1862 556 1924 quam
580 1841 666 1924 quod
688 1843 756 1907 oles
779 1842 874 1921 olere,
898 1843 1010 1908 Bassa.

770 1998 807 2061 V.

308 2109 365 2173 Vir
387 2109 489 2173 bonus
512 2114 544 2172 et
565 2127 689 2191 pauper
710 2108 887 2190 linguaque
910 2118 942 2174 et
963 2117 1092 2193 pectore
1118 2132 1222 2192 verus,

325 2272 365 2326 IV
384 2275 408 2324 1.
445 2271 666 2326 sabbatariarnm
688 2271 887 2337 nEXABFa
905 2273 991 2326 Salu²
1027 2274 1250 2331 sabbatariorum
1269 2281 1355 2333 PSer

221 2369 439 2477 sabbatarilrum
460 2411 482 2469 Q
521 2410 545 2458 11
570 2407 672 2475 vulpis]
690 2408 785 2476 volpis
804 2410 913 2462 BSahu.

322 2538 354 2603 (V
375 2541 397 2589 1.
418 2537 506 2593 Horat
517 2536 590 2605 Epp.
603 2537 615 2589 1
630 2540 653 2602 1,
664 2539 695 2588 11
714 2536 764 2591 Vir
781 2538 873 2593 bonus
892 2532 921 2593 et
938 2540 1060 2607 sapiens.
1090 2541 1186 2597 Horat.
1199 2543 1272 2612 Epp.
1289 2547 1352 2611 llo,

221 2628 253 2677 31
271 2625 322 2679 Vir
339 2624 431 2680 bonus
455 2630 484 2677 et
505 2623 651 2690 prudens).

328 2709 361 2761 ¹V
381 2712 402 2761 1.
433 2706 540 2763 Ausou.
559 2706 638 2759 XXX
660 2710 667 2756 1
690 2707 741 2762 Vir
758 2708 849 2763 bonus
869 2717 896 2763 et
915 2711 1048 2777 sapiens.

289 2853 337 2907 IV.
359 2855 399 2908 ΖΠ
417 2854 458 2908 Ill
476 2858 516 2908 65,
725 2858 748 2906 2.
768 2855 935 2908 Albularum.
972 2857 1146 2922 111111.

293 2941 449 2994 Crudarum.
484 2940 550 2995 Wol
569 2942 679 2995 doram
698 2938 798 2995 11111161
816 2940 932 3010 Morgen
950 2941 1104 3011 gleichsam
1122 2944 1196 2998 noch
1215 2945 1353 3013 umeifen,

220 3042 278 3080 von
297 3026 346 3080 der
368 3025 583 3081 Sonnenwdrme
600 3026 675 3080 noch
698 3027 777 3080 nicht
800 3026 929 3095 geldsten
947 3028 1064 3083 Dllnste.
1099 3028 1184 3084 Oder:
1214 3031 1264 3085 der
1288 3033 1353 3089 dort

221 3111 307 3166 triech
327 3128 378 3167 aus
396 3113 457 3167 dem
477 3112 591 3168 Waaser
610 3111 835 3181 autsteigenden.
865 3110 981 3169 Gilhert.

290 3201 312 3251 5.
332 3197 479 3251 vardaicus.
497 3199 515 3255 J
518 3213 601 3252 nven.
614 3200 653 3263 16,
665 3202 694 3251 13
705 3198 860 3253 Bardaicus
871 3198 1027 3253 -calceus
1040 3204 1104 3263 (von
1117 3200 1172 3255 den
1185 3201 1353 3272 Illyrischen

220 3283 342 3338 Bardaei
361 3284 430 3337 oder
442 3283 583 3345 Vardaei,
602 3284 652 3338 der
670 3283 721 3338 auf
737 3284 848 3353 langem
860 3284 988 3339 Marsche
1001 3284 1275 3353 durchgeschvritato
1289 3288 1352 3344 Sol-

221 3367 408 3424 datenstiesel.

289 3454 396 3506 euocati.
437 3454 589 3509 Nochmals
618 3456 648 3507 in
677 3454 779 3510 Dienst
807 3460 952 3524 getretene
982 3454 1149 3510 Veteranen.
1191 3457 1354 3528 Marqnardt

221 3537 279 3594 StV
297 3538 323 3591 11
343 3537 421 3592 1331.
667 3544 691 3591 d.
712 3540 842 3601 111149,
862 3543 903 3592 31.

289 3627 312 3676 1.
331 3625 550 3677 sabbatara'auum.
586 3625 704 3689 Frauen,
730 3625 776 3679 die
800 3625 856 3679 den
875 3624 1001 3681 Sabbath
1020 3626 1108 3681 durch
1127 3626 1232 3682 Fasten
1251 3627 1348 3684 fciern.

220 3710 273 3764 Die
291 3708 529 3779 Anhangeriunen
549 3711 598 3765 des
617 3711 807 3766 Judenthums
831 3727 925 3766 waren
943 3711 972 3765 in
991 3712 1063 3766 Rom
1086 3712 1235 3767 zahlreieh⁴
1276 3714 1320 3769 SG
1339 3718 1352 3770 1

220 3797 278 3859 451,
297 3798 320 3850 5.
527 3798 551 3847 9.
573 3796 643 3850 Zul
662 3798 703 3861 91,
722 3796 813 3850 hund
832 3795 934 3860 11161,
955 3802 977 3850 3.

291 3883 329 3933 10.
352 3887 491 3936 ceromata.
526 3881 579 3935 Die
609 3882 654 3936 hei
689 3882 920 3950 gymnastischen
949 3882 1105 3952 Uebungen
1133 3885 1352 3952 gebrauchliche

220 3964 413 4032 Wachssalbc,
433 3983 467 4021 au
486 3967 572 4021 dcren
589 3967 822 4021 Bestaudtheilen
837 3966 991 4036 jedenfalls
1009 3970 1081 4023 auch
1100 3970 1150 4024 Oel
1168 3970 1295 4039 gehdrte.

282 4055 363 4121 saaca
387 4054 418 4104 de
443 4052 550 4105 Sabina.
585 4052 646 4107 Aua
669 4052 869 4107 verdorhenem
899 4054 1087 4109 sabinischem
1110 4055 1168 4120 Oel,
1195 4057 1270 4111 denn
1300 4058 1351 4112 das

219 4137 296 4191 relne
314 4137 374 4205 galt
392 4137 436 4192 1111
455 4137 626 4205 vorallglich.
662 4138 825 4205 hlarquardt
842 4138 897 4193 Prl.
919 4140 946 4193 11
964 4140 1024 4191 421.

290 4225 331 4276 11.
350 4224 446 4276 Basca.
483 4223 540 4278 Der
556 4223 643 4278 Name
662 4223 775 4278 dhulich
794 4224 951 4293 gebraucht
968 4225 1008 4279 IV
1027 4229 1068 4281 81.

290 4309 324 4363 V.
344 4307 408 4377 Vgl.
429 4309 470 4361 111
489 4311 531 4360 31.
