2978 4988
215 370 277 432 520
620 359 655 414 II.
674 359 781 416 Valerii
798 358 934 417 Martialis

343 535 471 614 Circuit,
496 534 628 617 aneipiti
651 534 707 597 vin
729 530 882 597 adeunda
902 533 988 615 iugo,

300 645 386 725 Quid
409 652 474 711 tam
497 663 596 728 saepe
618 663 723 710 meum
746 643 840 710 nobis
862 641 1024 708 abdueere
1046 641 1200 720 Quintum

342 759 390 823 Te
412 759 503 822 iuvat
525 763 558 821 et
579 755 668 821 lenta
690 754 868 821 detinuisse
889 757 1001 820 morat

260 879 277 933 5
301 868 386 946 Quid
408 869 602 933 Nomentani
625 883 755 931 oausam
777 862 856 929 mibi
877 865 987 948 perdis
1009 864 1119 950 agelli,

342 982 477 1063 Propter
498 979 638 1044 vicinum
660 977 717 1059 qui
739 977 900 1060 pretiosus
921 979 1011 1042 erati

299 1090 365 1157 Sed
386 1093 451 1156 iam
475 1109 571 1174 paree
594 1088 672 1154 mihi
695 1106 755 1153 nee
777 1086 919 1167 abutere,
943 1088 1076 1166 Narnia,
1100 1085 1233 1167 Quinto:

341 1205 500 1287 Perpetuo
521 1202 619 1267 lIeeat
640 1200 687 1264 sie
709 1198 767 1263 tibi
789 1198 980 1285 ponte-frui.

719 1404 834 1472 xciv.

299 1536 507 1620 Unguentum
530 1533 644 1612 fuerat,
669 1532 754 1616 qnod
777 1553 862 1618 onyx
884 1533 978 1599 modo
1001 1553 1104 1618 parva
1125 1533 1276 1618 gerebat:

342 1645 461 1713 Olfeeit
484 1651 654 1729 postquam
676 1646 821 1729 Papilus,
845 1664 929 1724 eeee,
952 1665 1066 1730 garum
1089 1651 1147 1710 est.

727 1850 826 1915 XCV.
948 1887 970 1936 0

297 1980 416 2045 Bruma
438 1985 488 2044 est
510 1985 541 2044 et
564 1978 646 2062 riget
668 1977 815 2043 horridus
839 1978 1025 2057 December,

297 2091 409 2157 Audes
430 2097 466 2156 tu
487 2098 597 2156 tamen
619 2090 727 2155 oseulo
749 2090 850 2154 nivali

298 2201 418 2269 Omnes
441 2200 554 2266 obvius
576 2200 651 2265 bino
673 2208 706 2266 et
727 2201 802 2264 biae
824 2208 944 2281 tenere,

298 2314 340 2379 Et
361 2321 471 2392 totam,
495 2312 584 2390 Line,
609 2311 737 2377 basiare
761 2314 902 2377 Romam.

257 2435 273 2488 5
299 2423 384 2503 Quid
406 2425 512 2508 possis
533 2424 729 2506 graviusque
751 2425 946 2506 saeviusque

298 2537 476 2601 Peroussus
498 2534 604 2599 faeere
627 2541 726 2616 atque
748 2517 968 2600 verberatusi

298 2647 367 2712 Hoe
388 2665 440 2711 me
462 2646 581 2729 frigore
603 2645 709 2712 basiet
730 2665 790 2711 nee
812 2667 900 2725 uxor,

298 2756 432 2823 Blandis
455 2756 523 2822 filia
546 2776 605 2821 neo
626 2756 717 2822 des
739 2757 878 2823 labellis.

297 2867 363 2933 Sed
386 2875 420 2933 tn
444 2867 567 2934 duleior
589 2868 841 2952 elegantiorque,

214 3009 419 3018 ———-—

314 3055 407 3111 XCIV
427 3058 449 3108 l.
474 3057 591 3126 gerebat
610 3057 711 3118 QEFu
752 3054 862 3111 ferebat
885 3058 913 3110 T.

314 3219 407 3275 XCIII
426 3222 449 3274 4.
481 3219 584 3276 Iibnll.
603 3220 616 3273 I
636 3221 660 3285 8,
680 3223 712 3273 id
730 3219 864 3289 cupidum
882 3219 950 3275 fieta
968 3220 1122 3277 detinuisse
1141 3237 1226 3275 mora.

280 3385 303 3434 2.
334 3381 462 3434 adeunda.
491 3381 619 3437 Anides
637 3381 766 3438 Ostseite.
797 3382 991 3438 VonWesten
1009 3399 1067 3438 war
1082 3382 1186 3438 Narnia
1203 3400 1257 3439 nur
1275 3385 1346 3440 dber

211 3468 258 3522 die
281 3482 338 3520 von
357 3465 470 3533 August
495 3468 610 3523 erbaute
629 3467 740 3523 Brueke
764 3469 947 3538 zugenglnh,
972 3477 1053 3525 sonat
1073 3468 1233 3537 itberhaupt
1251 3471 1343 3525 nieht.

210 3553 329 3619 Procop.
348 3550 380 3603 B.
400 3549 482 3604 Goth.
500 3551 513 3604 I
533 3554 572 3604 17.

277 3638 300 3690 3.
333 3635 467 3696 Quintum.
493 3636 524 3702 Q.
535 3634 651 3692 Ovidius
666 3643 709 3699 (zu
722 3640 736 3693 I
750 3641 815 3703 105),
827 3639 885 3695 bb’s
898 3637 1096 3695 Gutenaehbar
1107 3641 1153 3695 bei
1165 3640 1343 3697 Nomentum.

279 3725 303 3776 8.
329 3725 419 3790 ponte.
449 3720 514 3774 Von
531 3722 653 3777 welcher
670 3724 745 3778 noeb
763 3725 847 3780 heute
866 3725 911 3780 eiu
929 3725 1027 3795 Bogen
1045 3726 1129 3782 steht.

278 3805 379 3860 XCIV.
400 3804 553 3862 Verwandt
570 3807 612 3861 III
631 3812 672 3861 17.

280 3895 301 3944 1.
331 3910 407 3962 onyx.
438 3890 603 3961 Salbgefass
620 3893 674 3948 wie
692 3893 731 3947 XI
749 3898 790 3960 50,
809 3898 833 3948 6.

279 3980 302 4030 2.
332 3995 433 4046 garum.
464 3978 504 4033 Zu
522 3978 562 4032 VI
580 3981 621 4043 93,
640 3982 664 4032 6.

277 4060 354 4116 XCV
372 4066 395 4115 2.
426 4066 519 4119 esculo.
551 4064 591 4119 Zu
608 4064 648 4118 xl
666 4068 708 4118 98.
881 4088 889 4138 ι

277 4151 300 4201 6.
321 4150 464 4202 Peraeam
476 4179 509 4188 -
521 4155 600 4220 atque
612 4152 770 4205 verberatae.
790 4150 842 4206 Um
855 4152 921 4207 dioh
934 4151 980 4208 tur
993 4154 1038 4209 die
1051 4153 1238 4225 empi'angene
1247 4156 1343 4210 Ziieb-

208 4233 309 4303 tignng
334 4250 369 4288 zu
391 4234 503 4289 ritehen.
537 4235 602 4305 Vgl.
623 4237 648 4290 ΙΙ
667 4239 708 4302 23,
728 4241 743 4287 5
762 4237 948 4302 basiationes,
967 4239 1045 4305 Quae
1064 4255 1094 4296 se
1113 4248 1170 4297 tam
1188 4242 1260 4297 bene
1279 4244 1344 4298 ria-

207 4319 303 4375 dieare
321 4327 449 4388 possunt.
