2978 4988
227 350 288 412 272
632 349 667 403 tt.
687 349 792 404 Valerii
810 349 946 406 Martialis

310 521 385 604 lpse
408 540 535 603 quoque
556 519 599 585 ad
622 540 733 585 cenam
756 521 921 605 gaudebat
942 522 1076 607 Apicius
1097 525 1158 589 ire:

353 632 433 698 Cum
456 639 596 711 cenaret,
620 639 690 697 erat
711 634 834 698 tristior
855 632 922 712 ille,
945 633 1044 699 domi.

269 752 284 804 5
310 742 345 808 Si
368 752 476 810 tamen
498 746 619 810 invitus
642 743 746 823 vadis,
770 764 835 824 cur,
859 743 1013 823 Classice,
1036 746 1151 812 vadis‘l

353 855 483 940 »Cogor«
507 857 571 921 ais:
596 874 706 921 verum
730 863 793 932 est;
818 857 943 940 cogitur
965 864 998 922 et
1020 856 1136 923 Selius.

309 968 357 1031 En
379 975 472 1051 rogat
494 967 537 1033 ad
559 987 671 1034 cenam
694 966 808 1034 Melior
828 975 873 1048 te,
897 967 1053 1047 Classice,
1077 977 1205 1036 rectam.

352 1078 497 1144 Grandia
519 1080 620 1145 verba
642 1078 697 1145 ubi
721 1083 816 1145 sunti
838 1080 866 1144 si
888 1080 939 1144 vir
961 1098 1006 1159 es,
1030 1098 1114 1160 soce,
1137 1101 1233 1166 nega.

738 1225 838 1290 LXX.

307 1337 379 1402 Non
402 1337 452 1402 vis
474 1339 508 1402 in
530 1337 612 1403 solio
634 1338 724 1422 prius
746 1336 850 1401 lavari
1206 1336 1227 1384 0

306 1446 518 1531 Quemquam,
541 1448 658 1515 Cotile:
684 1467 783 1514 causa
806 1467 898 1531 quae,
921 1449 984 1514 nisi
1007 1448 1089 1516 haee
1111 1458 1169 1532 est,

306 1559 411 1626 Undis
434 1579 474 1625 ne
496 1559 638 1626 fovearis
658 1561 843 1625 irrumatisi

306 1673 432 1737 Primus
455 1678 487 1737 te
509 1671 585 1737 licet
607 1671 737 1737 abluas:
762 1690 895 1736 necesse
917 1679 967 1737 est

304 1783 388 1849 Ante
410 1783 464 1848 hio
485 1782 638 1864 mentula,
662 1804 758 1866 quam
782 1790 887 1867 caput,
910 1782 1045 1850 lavetur.

723 1928 840 1993 LXXI.

303 2041 481 2107 Candidius
504 2040 586 2106 nihil
608 2047 659 2106 est
680 2047 722 2120 te,
746 2039 942 2106 Caeciliano.
983 2040 1116 2107 Notavi:

347 2152 382 2218 Si
406 2152 534 2236 quando
558 2172 598 2219 ex
620 2152 739 2217 nostris
762 2151 902 2217 disticha
923 2171 1028 2236 pauca
1050 2151 1136 2236 lego,

302 2265 451 2330 Protinus
473 2271 529 2330 aut
550 2264 648 2329 Marsi
671 2265 789 2330 recitas
812 2271 868 2329 aut
890 2264 1010 2349 scripta
1032 2263 1161 2330 Catulli.

345 2377 414 2442 Hoc
435 2376 513 2442 mihi
538 2375 607 2455 das,
631 2384 785 2459 tanquam
809 2374 969 2440 deteriora
989 2359 1094 2459 legas,

262 2497 277 2551 5
303 2489 347 2555 Ut
369 2488 497 2554 conlata
519 2489 623 2571 magis
645 2486 796 2572 placeant
816 2490 911 2552 meai
932 2486 1100 2552 Credimus
1122 2487 1224 2553 istud:

344 2599 430 2666 Malo
452 2608 560 2665 tamen
582 2599 709 2679 recites,
732 2598 927 2678 Caeciliano,
951 2605 1016 2664 tua.

314 2789 409 2843 LXXI
434 2790 455 2840 1,
481 2786 637 2843 Candidius
665 2787 740 2848 QEm
759 2785 846 2839 aciat
880 2784 1019 2843 Callidius
1043 2788 1067 2841 Τ
1104 2784 1241 2844 CallidIns
1261 2790 1347 2843 0111111

216 2874 385 2930 Caeciliano.
422 2872 540 2929 Notavi:
570 2872 674 2927 etuas
719 2871 892 2927 Caeciliano:
917 2872 1027 2939 notavi,
1052 2874 1121 2927 Scan
1186 2879 1210 2927 5.
1232 2875 1347 2930 conlata

220 2960 333 3014 TXBF
359 2960 464 3016 collatu
483 2959 560 3013 Sola.

316 3131 408 3186 LXIX
426 3132 451 3187 8.
471 3131 553 3188 Ovid.
574 3130 605 3186 F.
625 3129 666 3185 VI
685 3131 735 3181 591
753 3129 778 3184 si
796 3129 839 3184 vir
856 3144 895 3195 ss,
913 3130 923 3183 i
941 3159 975 3168 -
993 3130 1074 3199 exige
1093 3144 1172 3198 opes.

281 3319 304 3368 3.
334 3315 369 3369 ld.
385 3313 492 3369 Gavius
505 3312 633 3382 Apicius,
653 3312 702 3368 der
720 3310 862 3367 bekannts
874 3309 1044 3365 Schlemrner
1061 3316 1143 3366 nnter
1155 3309 1269 3380 August
1286 3313 1345 3369 und

212 3400 306 3462 Tiber,
328 3400 431 3456 dessen
448 3400 536 3455 liame
555 3397 780 3468 spriehwdrtlioh
799 3397 950 3466 gewordsn
967 3412 1033 3451 war.
1063 3395 1126 3466 Vgl.
1148 3397 1175 3450 II
1196 3399 1228 3450 80
1249 3397 1292 3451 ΠΙ
1312 3401 1344 3451 12

211 3486 237 3540 X
256 3489 297 3550 73,
315 3486 417 3542 Juven.
436 3488 459 3549 1,
479 3487 526 3550 23;
550 3487 589 3550 11,
608 3488 631 3550 3,
651 3483 748 3539 Senes.
768 3483 804 3539 ad
821 3481 949 3538 Helviam
970 3483 1009 3548 10,
1028 3487 1051 3548 3,
1070 3482 1125 3537 Dio
1144 3483 1222 3538 LVII
1241 3487 1280 3548 19,
1299 3483 1344 3539 SG

211 3570 253 3626 m
275 3574 315 3707 less
338 3655 432 3708 aazia.
466 3655 552 3710 aun
573 3657 611 3708 11.

280 3744 303 3793 7.
333 3740 449 3794 Aledius
468 3740 576 3793 Melior.
612 3739 666 3794 Ein
687 3739 775 3795 durch
800 3739 846 3795 die
864 3738 989 3808 Elagana
1008 3738 1100 3793 selues
1119 3739 1273 3795 Haushults
1295 3740 1344 3796 (IV

210 3829 253 3890 51)
267 3826 517 3896 ansgsaeiehueter
534 3826 646 3881 Freurm
664 3827 715 3881 des
733 3825 769 3879 11.
784 3825 843 3879 und
861 3823 977 3887 Statius,
996 3823 1183 3880 vermuthlich
1201 3842 1267 3881 vom
1279 3826 1343 3882 Rit-

209 3913 360 3968 terstande.
395 3911 432 3965 Il.
452 3911 491 3966 VI
516 3913 562 3975 20,
587 3914 619 3965 29
637 3911 708 3967 VIII
726 3913 758 3965 38
782 3910 852 3966 Stat.
875 3909 901 3964 S.
920 3909 947 3963 II
972 3907 1059 3977 prasi.
1079 3910 1137 3965 und
1162 3911 1227 3975 13;
1257 3916 1272 3965 1
1297 3910 1343 3966 SC

209 3997 252 4051 HI
270 4000 519 4138 tizam-rarat.
539 4083 579 4138 Zu
593 4084 670 4139 einer
688 4081 884 4138 ordentliehen
897 4080 1037 4137 llahlaeit.
1056 4081 1120 4151 Vgl.
1133 4081 1172 4136 IV
1185 4085 1226 4148 20,
1241 4084 1255 4133 2
1273 4081 1342 4137 VIII

209 4173 249 4235 50,
270 4172 309 4222 10.
341 4168 415 4226 Suet
435 4170 557 4239 August.
579 4185 602 4224 o.
623 4172 650 4221 71
672 4168 825 4224 Domitiam.
847 4183 870 4222 c.
890 4170 913 4218 7.

277 4256 299 4306 8.
329 4255 355 4308 cs'
371 4256 414 4308 vs'r
431 4276 466 4321 ea,
487 4274 542 4310 ecce
560 4274 633 4326 naqa
663 4255 729 4324 Vgl.
749 4253 790 4308 VI
810 4256 892 4318 11,1.

276 4338 375 4395 LXXI.
406 4344 430 4393 3.
450 4341 542 4395 Marsi
557 4371 592 4380 -
613 4340 719 4396 Catulli.
750 4338 790 4393 Zu
807 4339 821 4393 1
839 4337 930 4407 EpIst.
950 4338 969 4392 l.
993 4341 1031 4393 11.
