2978 4988
617 346 652 401 ll.
673 345 779 401 Valerii
798 345 933 400 Martialis

726 516 826 582 XCV.

296 630 388 710 Quod
411 630 533 696 clamas
556 647 691 714 semper,
715 627 802 711 quod
824 628 996 713 agentibus
1019 629 1188 714 obstrepis,
1212 629 1294 704 Aeli,

339 744 411 808 Non
434 742 514 807 facis
537 741 598 806 boe
620 740 734 824 gratis:
760 741 890 824 accipis,
914 747 950 805 ut
971 747 1092 806 taceas.

719 876 832 942 xcvu
1106 922 1129 964 0

296 993 331 1057 si
352 1010 417 1056 non
439 990 609 1055 molestum
631 995 682 1054 est
702 995 800 1071 teque
822 1008 886 1054 non
908 989 1009 1073 piget,
1035 1008 1159 1068 scazon,

296 1104 414 1168 Nostro
437 1120 587 1185 rogamus
608 1118 715 1184 pauca
736 1099 838 1165 vcrba
859 1100 1004 1165 Materno

296 1214 396 1278 Dicas
418 1214 453 1278 iu
475 1230 585 1278 aurem
608 1212 656 1277 sic
679 1218 714 1276 ut
736 1210 850 1276 audiat
872 1211 970 1276 solus.

297 1326 429 1390 Amator
451 1324 507 1389 ille
529 1323 668 1389 tristium
691 1323 893 1388 lacomarnm

256 1447 272 1498 5
296 1437 339 1501 Et
361 1437 541 1501 baeticatus
564 1441 662 1517 atque
684 1434 948 1519 leucophaeatus

300 1546 362 1625 Qui
386 1546 566 1612 coccinatos
589 1565 652 1611 non
674 1552 768 1631 putat
790 1546 876 1611 viros
900 1565 972 1612 osse

296 1658 605 1741 Amethystinasque
628 1657 796 1722 mulierum
820 1664 915 1723 vocat
936 1664 1054 1726 vestes.

297 1770 417 1834 Nativa
439 1767 562 1848 laudet,
587 1767 708 1833 habeat
729 1775 762 1833 et
784 1768 862 1833 licet
884 1787 1011 1852 semper

297 1882 419 1946 Fuscos
441 1880 574 1959 colores,
598 1879 747 1963 galbinos
770 1881 870 1946 babet
891 1899 1006 1946 moros.

239 2002 273 2055 19
298 1993 449 2075 Rogabit,
474 1990 561 2057 unde
582 1992 728 2076 suspicer
749 1992 852 2057 virum
875 1991 1014 2058 mollem.

297 2103 372 2169 Una
394 2104 556 2168 lavamur:
581 2103 698 2188 aspicit
720 2103 799 2168 nibil
823 2122 941 2180 susum,

281 2256 372 2312 XCVI
392 2259 432 2311 11.
450 2273 546 2313 susum
565 2257 777 2311 MEXABFG
787 2258 874 2311 Selffl
902 2272 1012 2312 sursum
1026 2258 1076 2319 Po
1087 2258 1156 2309 Sola
1164 2259 1180 2309 ¹.

282 2394 373 2451 XCVI
393 2396 416 2448 1.
437 2394 531 2450 Catuli
550 2397 590 2461 55,
611 2397 622 2447 1
644 2394 768 2459 Oramus,
788 2396 812 2450 si
831 2393 904 2450 forte
923 2411 981 2450 non
999 2394 1147 2450 molestum
1165 2402 1215 2450 est.

212 2493 418 2502 ——u

282 2531 359 2587 XCV
380 2535 401 2586 1.
420 2531 564 2602 agentibus.
594 2531 658 2587 Den
676 2531 877 2587 Saohwaltcrn.

282 2616 417 2672 XCVII.
447 2616 504 2671 VII
522 2618 594 2681 16,1
620 2616 814 2685 Apollinarem
845 2617 966 2673 conveni
994 2632 1084 2673 meum
1109 2632 1227 2680 scazon,
1255 2616 1291 2671 lit
1321 2617 1345 2672 si

213 2702 331 2758 vacabit
352 2705 397 2766 (ne
414 2700 550 2757 molestus
569 2703 699 2761 accedas)
720 2709 775 2759 etc.

282 2790 305 2840 2.
325 2788 461 2841 masma.
499 2788 655 2852 Maternus,
680 2804 715 2842 an
739 2787 795 2842 (199
819 2788 892 2843 9995
911 2788 938 2841 II
957 2790 990 2840 14
1008 2788 1148 2858 gerichtct
1165 2789 1210 2851 ist,
1229 2789 1302 2843 noch
1321 2788 1347 2841 X

213 2875 244 2924 :li
264 2871 310 2927 ein
328 2871 578 2941 Rechtagelehrtcr
596 2888 647 2927 ans
666 2871 787 2928 Bilbilis.

281 2959 356 3010 4-9.
385 2956 491 3012 bliiutel
511 2957 655 3028 (lacernae)
676 2957 706 3012 in
729 2957 876 3014 lebbafteu
893 2958 1004 3015 Farbcn
1028 2960 1144 3014 worden
1163 2960 1271 3015 damals
1291 2977 1347 3014 von

212 3043 348 3098 bitinncm
365 3043 422 3098 viel
440 3049 590 3113 getragen,
614 3043 673 3098 und
691 3044 780 3099 daran
797 3043 920 3100 Austoss
939 3060 975 3099 au
996 3045 1117 3101 nebmen
1134 3062 1193 3100 war
1210 3047 1348 3101 115991τί9-

212 3129 285 3185 5999
303 3129 372 3184 oder
391 3128 532 3184 affektirte
551 3127 677 3198 Strenge.
710 3129 775 3200 Vgl.
793 3130 821 3183 Il
839 3133 871 3181 46
891 3129 936 3185 SG
953 3131 996 3185 III
1015 3133 1047 3183 69
1066 3129 1085 3185 l.

282 3217 306 3268 5.
327 3215 738 3284 baeticatus-leucophaea.
764 3215 868 3270 Beidcs
886 3215 941 3271 wol
959 3232 1012 3270 nur
1029 3216 1096 3271 hier.
1124 3216 1177 3271 Dis
1196 3217 1346 3272 biitischen

212 3300 317 3357 Mintel
335 3316 429 3356 waren
453 3317 504 3356 aus
528 3301 579 3357 der
600 3299 789 3370 uugefirbton
811 3300 963 3366 1111111331
988 3300 1147 3357 rbtblioheu
1171 3302 1240 3357 oder
1263 3304 1348 3371 gold-

211 3386 348 3443 farbeneu
361 3385 453 3441 Wolle
466 3401 524 3442 von
534 3386 661 3442 Baetica.
680 3386 735 3440 XII
748 3389 789 3452 63,
797 3388 863 3439 3-5
877 3387 932 3441 XII
944 3389 985 3451 99,
1001 3390 1032 3453 2;
1053 3387 1187 3441 Bllimner
1198 3389 1255 3448 129,
1274 3391 1346 3442 1-5.

281 3476 305 3525 b.
324 3472 478 3525 coccinatos.
514 3471 598 3526 Aucb
616 3470 643 3526 V
661 3472 703 3536 35,
721 3474 747 3524 2.
785 3471 1046 3528 Soharlacbmiiutel
1070 3473 1121 3536 ⁴„IV
1139 3474 1181 3527 18.
1200 3474 1225 3535 1)
1244 3473 1347 3528 9991191

212 3556 449 3625 Purpurmiintclu
468 3556 513 3611 die
532 3555 714 3612 kostbarsten
732 3556 778 3612 SG
794 3557 836 3612 III
855 3560 895 3623 54,
914 3562 938 3611 9.

281 3644 304 3697 l.
322 3640 582 3711 Arnetlcyait'nccquc.
620 3641 677 3697 Der
698 3642 817 3699 violotte
840 3642 1006 3714 Amethyst-
1029 3643 1098 3699 oder
1119 3643 1348 3714 lanthinpmpur

216 3733 259 3782 ‘au
277 3727 291 3781 I
309 3730 349 3792 53,
369 3730 392 3793 5)
411 3727 529 3797 gebbrte
547 3743 583 3782 99
601 3728 657 3783 den
673 3726 856 3785 kostbarstcn
874 3728 1091 3797 Purpursorten.

281 3815 306 3866 8.
338 3812 450 3865 Natio-o.
487 3811 609 3867 Plinii.
628 3813 655 3867 h.
674 3812 743 3867 VIII
763 3814 808 3865 191
835 3815 960 3870 colorum
980 3814 1063 3884 plura
1079 3830 1185 3884 genera
1203 3838 1250 3880 -;
1276 3833 1347 3886 quas

216 3901 302 3962 toves)
323 3898 436 3954 nativas
454 3897 609 3967 appellant,
628 3897 738 3969 aliquot
755 3900 847 3957 modis
865 3900 1005 3970 Hbspania
1024 3901 1140 3966 (habet).
1172 3902 1243 3957 Non.
1257 3919 1284 3972 p.
1299 3906 1348 3955 549

212 3983 308 4052 pullus
332 3984 412 4040 color
435 3991 492 4050 est,
514 4000 596 4055 quem
608 4000 684 4039 nnnc
697 3983 821 4054 Spanum
836 3986 882 4041 vel
894 3986 1021 4043 nativum
1034 3988 1163 4043 dicimus.
1184 3988 1348 4060 blarquardt

212 4068 345 4135 Prtcca,
365 4072 389 4126 1.

281 4158 305 4208 9.
323 4155 441 4227 galbinos
459 4186 493 4196 —
510 4174 603 4211 morea.
636 4154 759 4213 (iulbIna
779 4156 890 4212 {Juvem
908 4159 934 4222 1,
954 4161 996 4223 90}
1017 4159 1173 4229 gringelbe
1192 4158 1348 4215 Gewiinoler

212 4240 348 4297 scheiuen
366 4242 573 4312 voraugswoise
591 4258 649 4298 von
667 4242 785 4307 Franco,
803 4244 863 4299 und
880 4243 1027 4300 vielleicht
1045 4246 1118 4301 auob
1137 4262 1194 4301 von
1211 4244 1347 4300 bitinnem

213 4327 255 4382 ala
273 4325 458 4384 SchlaIrbcke
477 4335 613 4398 getragen
631 4329 746 4385 worden
764 4344 800 4384 au
818 4329 888 4386 sein.
919 4328 985 4401 Vgl.
1007 4330 1048 4386 111
1066 4333 1107 4395 82,
1127 4334 1151 4384 5.
