2978 4988
233 351 294 414 384
433 347 468 402 ld.
489 347 596 404 Valerii
613 347 750 403 Martialis
765 347 996 417 Epigrammston
1013 346 1098 403 Liber
1114 348 1164 404 1v.

708 518 888 585 LXXXIX.

319 630 397 708 Ohe,
421 630 485 695 iam
508 632 586 696 satis
610 638 668 710 est,
691 629 762 710 che,
784 630 906 708 libelle,

317 742 385 807 Iam
408 743 612 826 pervenimus
635 760 737 825 usque
759 740 803 806 ed
824 741 1003 807 umbilicos.

319 855 369 918 Tu
391 851 564 938 procedere
587 852 694 918 adhuc
716 860 748 918 et
769 854 817 918 ire
839 853 979 935 quaeris,

317 964 386 1029 Nec
408 983 532 1029 summa
553 972 646 1049 potes
667 965 700 1029 in
723 962 836 1029 schida
858 964 969 1045 teneri,

277 1083 293 1136 5
318 1074 372 1140 Sic
393 1083 546 1157 tanquam
569 1074 627 1140 tibi
649 1093 702 1140 res
724 1079 857 1158 peracta
879 1094 941 1139 non
964 1075 1016 1155 sit,

317 1184 408 1263 Quae
429 1176 534 1271 prima
556 1205 682 1268 quoque
706 1186 826 1270 pagina
842 1194 980 1270 *peracta
1001 1192 1058 1251 est

317 1298 385 1362 lam
406 1299 507 1363 lector
529 1298 734 1391 queriturque
758 1295 938 1379 deficitque,

316 1409 385 1472 lom
408 1409 558 1474 librarius
581 1408 642 1473 hoo
663 1416 696 1473 et
717 1410 787 1492 ipse
810 1407 888 1473 dicit

317 1519 409 1599 lohe,
433 1521 498 1585 iam
520 1520 599 1585 satis
622 1527 683 1602 est,
707 1519 777 1600 ohe,
801 1519 936 1585 libelle«

332 1689 481 1744 LXXXIX
498 1693 522 1743 l.
547 1689 647 1745 schida
672 1690 759 1743 ΑΒΓ
805 1690 912 1745 scheda
936 1693 982 1752 Qo
1007 1691 1077 1744 Scin
1120 1693 1145 1744 6.
1170 1698 1287 1760 peracta
1317 1701 1362 1749 est

232 1776 312 1838 PQF
322 1777 392 1830 Scln
409 1781 524 1831 notatur
543 1776 750 1831 EXABCGO.

331 1930 478 1985 LXXXIX
499 1932 520 1983 l.
537 1929 634 1985 Horat
653 1931 680 1986 S.
700 1931 739 1995 15,
761 1932 792 1983 13
811 1929 869 1985 Ohe
887 1931 946 1985 Iam
964 1930 1034 1986 satis
1052 1938 1104 1986 est.

298 2082 605 2153 subscriptionem
637 2084 867 2154 Epigrammaton
884 2083 955 2140 liber
967 2084 1007 2139 IV
1025 2083 1150 2152 explicit.
1169 2085 1272 2156 incipit
1289 2088 1360 2144 liber

230 2169 352 2239 qulntus.
373 2169 435 2240 Ego
453 2176 601 2240 torquatus
618 2170 776 2240 gennadIus
789 2170 935 2225 emendavi
953 2170 1054 2227 floreas
1073 2173 1104 2225 P.
1129 2172 1360 2242 Epigrammaton

229 2256 299 2312 liber
317 2255 373 2309 IIII
398 2256 515 2324 explicit
537 2255 638 2325 incipit
656 2257 689 2310 V.
717 2256 779 2327 Ego
798 2255 960 2325 Torquatus
978 2255 1142 2313 Gennadius
1160 2259 1307 2314 emendavi
1328 2263 1359 2322 Q.

228 2342 290 2412 Ego
308 2341 468 2412 Torquatus
487 2341 650 2398 Gennadius
668 2342 815 2398 emendavi
832 2341 954 2397 feliciter
965 2347 994 2414 f.

296 2495 453 2550 LXXXIX.
472 2500 496 2552 1.
527 2498 576 2550 ote
593 2526 628 2535 -
645 2497 701 2553 dle.
730 2497 762 2551 L.
780 2496 896 2552 Mueller
906 2513 942 2565 ⁴p.
962 2500 1021 2550 246.
1051 2499 1117 2568 Vgl.
1137 2499 1262 2564 uu136,
1284 2503 1306 2553 l.

297 2584 322 2636 2.
350 2599 432 2651 traque
444 2582 481 2636 ad
490 2582 635 2636 umbilicos.
661 2582 701 2637 Zu
712 2582 777 2647 166,
791 2585 828 2636 11.
841 2597 932 2651 usquo
944 2582 981 2636 ad
992 2583 1155 2639 umbilicum
1166 2584 1206 2639 Vl
1220 2588 1260 2649 37,
1274 2588 1283 2637 l
1296 2602 1323 2641 n.
1335 2589 1358 2640 3.

297 2669 322 2719 4.
351 2667 440 2721 aclide
459 2667 532 2732 (ciue
555 2683 607 2721 nur
625 2668 663 2722 lm
679 2667 879 2724 Lateinlschen
903 2669 1121 2725 vorkommende
1145 2669 1355 2742 Beneichnung)

229 2751 289 2806 hier
306 2752 393 2816 nicht,
412 2752 465 2807 vvle
482 2753 544 2808 Birt
562 2752 588 2807 8.
608 2756 666 2819 229,
685 2756 699 2805 2
719 2752 875 2818 dbersetzt,
898 2755 949 2809 das
967 2754 1151 2820 Einzelhlatt,
1170 2756 1292 2811 sondern
1310 2757 1357 2813 die

228 2837 355 2891 einzelne
372 2836 515 2903 Columna,
534 2838 572 2893 da
589 2839 635 2895 die
653 2854 761 2894 summa
778 2839 879 2895 schida
891 2840 940 2895 der
956 2841 1046 2909 prima
1059 2841 1164 2910 pagina
1179 2845 1214 2904 lv.
1227 2845 1250 2907 6)
1270 2842 1358 2898 oden·

227 2921 278 2977 bar
295 2921 384 2992 villlig
401 2923 568 2992 entspricht.

298 3010 336 3061 16.
366 3008 406 3063 Zu
424 3008 450 3063 II
470 3012 493 3074 6,
513 3011 553 3062 17.
