2978 4988
173 352 235 412 514
577 342 615 397 M.
634 342 740 398 Valerii
758 342 895 399 Martialis

256 517 331 601 ipso
354 516 485 581 consule
507 514 682 581 conditum:
707 514 766 581 sed
787 515 870 598 ipse,
967 545 968 548 ¹

258 625 321 705 Qui
343 625 492 710 ponebat,
517 633 597 706 erat,
623 625 755 706 Severe,
780 626 902 691 consul.

669 787 802 852 LXXX.

258 898 425 978 Quatenus
448 896 604 982 Odrysios
627 900 691 971 iam
713 918 779 982 pax
801 899 946 963 Romana
969 898 1088 963 triones

302 1012 476 1093 Temperat
498 1019 529 1074 et
552 1010 685 1075 tetricae
708 1010 889 1075 conticuere
910 1009 1017 1077 tubae.

258 1122 352 1186 Hunc
373 1120 561 1185 Marcellino
583 1120 714 1204 poteris,
740 1119 903 1199 Faustino,
927 1118 1073 1185 libellum

300 1232 442 1297 Mittere:
467 1232 531 1296 iam
555 1231 682 1311 chartis,
706 1233 772 1298 iam
794 1236 889 1296 vacat
911 1229 968 1295 illc
990 1231 1077 1296 iocis.

217 1352 233 1406 5
258 1342 325 1408 Sed
346 1344 373 1409 si
395 1363 498 1427 parva
520 1342 566 1407 tui
587 1342 779 1409 munuscula
800 1341 930 1424 quaeris
952 1342 1047 1407 amici

302 1452 545 1533 Commendare,
568 1454 651 1518 ferat
673 1453 816 1518 carmina
837 1460 947 1520 nostra
969 1472 1061 1537 puer:

260 1566 333 1631 Nou
356 1564 463 1648 qualis
486 1565 620 1631 Geticae
642 1564 778 1629 satiatus
800 1563 886 1630 lacte
907 1564 1064 1630 iuvencae

302 1676 483 1741 Sarmatica
505 1675 608 1759 rigido
629 1675 713 1741 ludit
734 1676 767 1739 in
790 1695 885 1740 amne
908 1683 986 1751 rora,

258 1786 324 1853 Sed
349 1787 538 1870 Mytilenaei
560 1805 671 1852 roseus
693 1787 861 1869 mangonis
884 1786 1038 1870 ephebus.

198 1908 234 1962 10
300 1898 360 1964 Vel
384 1918 447 1964 non
469 1917 584 1963 caesus
605 1897 712 1963 adhuc
734 1904 836 1961 matre
858 1897 989 1963 iubente
1011 1899 1127 1964 Lacon.

258 2010 301 2075 At
323 2010 381 2075 tibi
404 2009 532 2093 captivo
555 2009 695 2075 famulus
718 2009 861 2073 mittetur
883 2008 924 2073 ab
947 2010 1064 2087 Histro,

301 2119 363 2199 Qui
387 2120 575 2187 Tiburtinas
597 2139 729 2204 pascere
752 2120 854 2203 possit
876 2139 964 2185 oves.

662 2274 810 2338 LXXXI.

260 2386 423 2468 »Triginta
444 2392 509 2451 toto
531 2385 619 2450 mala
641 2392 715 2450 sunt
737 2385 972 2468 epigrammata
993 2383 1099 2450 libro«

302 2496 338 2561 Si
359 2495 493 2562 totidem
516 2496 601 2562 bona
623 2504 707 2575 sunt,
731 2497 847 2573 Lause,
871 2495 974 2561 bonus
995 2495 1079 2561 liber
1101 2504 1158 2562 est.

178 2620 382 2629 ———-

274 2682 379 2737 LXXX
391 2689 414 2740 8.
438 2684 645 2754 rigidoMQSer
662 2683 783 2737 allow
789 2702 820 2753 p.
834 2691 884 2738 913
911 2682 1008 2753 gelido
1022 2684 1171 2737 EForSchrr
1208 2686 1310 2755 getico

175 2771 259 2824 Racd
275 2789 298 2823 c.
319 2773 350 2832 Q.

275 2930 379 2984 LXXX
397 2933 420 2985 2.
457 2929 536 3001 Eleg.
554 2930 584 2985 in
606 2930 798 2987 Maecenatem
819 2933 840 2996 1,
859 2933 892 2983 52
921 2931 1072 2994 {Baehrens
1090 2933 1151 2986 le
1169 2933 1182 2986 1
1201 2949 1230 3002 p.
1251 2936 1311 2999 129)

173 3019 326 3088 Postquam
344 3016 477 3073 victrices
496 3016 658 3072 conticuere
675 3017 769 3072 tubae.

241 3199 267 3250 4.
288 3198 389 3250 Severe.
421 3195 592 3260 Zu116,3.

241 3280 347 3336 LXXX
367 3283 389 3335 l.
417 3280 595 3351 Odrysios-
616 3279 723 3333 triones.
756 3280 796 3335 Zu
815 3279 854 3334 VI
872 3283 913 3344 58,
934 3283 957 3332 l.

242 3372 267 3419 3.
294 3366 464 3421 Marcellino.
500 3365 540 3420 Zu
558 3365 584 3420 V
603 3367 627 3430 6,
646 3367 671 3418 2.

244 3451 384 3505 Faustina.
416 3452 456 3505 Zu
473 3451 487 3504 Ι
504 3453 547 3504 25.
1156 3506 1159 3511 ,

242 3537 267 3587 8.
287 3540 354 3588 rota.
385 3536 588 3607 Metonymisch
608 3533 787 3604 fflrWageu,
811 3535 863 3590 wie
882 3535 908 3588 X
927 3540 950 3594 7,
971 3539 1001 3597 5,
1026 3534 1078 3591 aui
1104 3536 1198 3591 denen
1212 3536 1245 3607 ja
1263 3538 1312 3593 die

174 3621 320 3677 Sarmates
339 3635 402 3675 zum
419 3619 502 3696 Theil
519 3621 623 3676 lebten.
655 3619 721 3690 Vgl.
742 3637 764 3674 a.
777 3620 810 3674 B.
829 3620 922 3676 Tacit.
943 3620 975 3677 G.
996 3637 1019 3675 c.
1038 3623 1080 3674 46.
1106 3620 1203 3677 Daher
1221 3624 1313 3679 deukt

174 3709 233 3762 sich
256 3706 291 3760 M.
316 3705 389 3760 auch
416 3705 462 3761 die
490 3707 693 3762 sarmatischen
719 3706 840 3763 Knabcn
865 3708 940 3763 beim
967 3705 1046 3775 Spiel
1073 3705 1124 3762 oui
1150 3707 1214 3762 dem
1243 3709 1313 3764 Eise

174 3792 301 3849 fahrend.

244 3881 283 3930 10.
326 3876 419 3933 Uober
448 3878 494 3932 die
524 3876 694 3949 Geisselung
723 3879 774 3934 der
797 3877 1013 3948 spartanischen
1037 3878 1158 3935 Knaben
1175 3876 1315 3936 OGilbert

174 3964 283 4020 iidboh.
311 3964 338 4018 d.
367 3963 472 4033 griech.
491 3963 558 4019 StA.
577 3964 591 4017 Ι
608 3966 641 4016 68
660 3963 681 4019 f.
719 3963 772 4019 Die
798 3963 1002 4019 Anwesenheit
1030 3964 1080 4019 der
1105 3963 1314 4035 Angehorigeu

174 4049 303 4106 erwiihnt
320 4049 438 4104 Luciam.
458 4048 632 4104 Anacharsis
651 4052 692 4104 38,

245 4138 285 4187 12.
327 4134 483 4188 Tchartc'ccs
506 4162 540 4175 —
564 4154 630 4190 oceo.
671 4136 824 4191 Faustinus
848 4151 906 4191 war
936 4142 1018 4191 nntm
1035 4134 1160 4190 Anderm
1184 4134 1317 4200 Besitzar

175 4223 251 4277 einer
268 4220 345 4274 Villa
362 4221 407 4276 bei
426 4219 521 4277 Tibur.
551 4220 591 4277 IV
610 4224 641 4274 57
660 4220 686 4275 V
705 4224 745 4275 il.

242 4305 363 4359 LXXXI
382 4307 406 4357 2.
434 4307 529 4360 Lauso
560 4306 625 4376 Vgl.
644 4305 698 4361 VII
715 4309 747 4360 87
765 4322 793 4361 n.
813 4308 854 4360 88.
884 4305 919 4360 M.
939 4306 1051 4363 scheint
1067 4305 1203 4362 hiernach
1223 4310 1256 4361 30
1269 4311 1316 4365 bis
