2978 4988
581 349 616 402 II.
636 348 742 405 Valerii
760 347 896 404 Martialis

689 520 792 584 XXV.

260 651 377 715 Dulcia
399 670 470 715 eum
494 656 617 713 tantum
640 648 762 714 scribas
784 647 1018 731 epigrammata
1039 664 1174 730 semper

304 762 344 826 m
367 768 532 826 cerussata
554 759 742 825 candidiora
764 768 846 833 ente,

259 871 423 954 Nullaque
446 873 530 937 miea
551 873 629 936 salis
652 889 712 936 nee
734 871 835 935 amari
857 869 944 934 fellis
967 870 1001 933 in
1022 869 1088 934 illis

303 983 403 1048 Gutta
425 983 474 1061 sit,
500 1002 518 1046 0
541 981 683 1060 demens,
706 981 755 1046 vis
778 988 887 1047 tamen
908 979 968 1045 illa
989 979 1067 1063 legi!

219 1104 235 1157 5
259 1095 329 1160 Nee
350 1094 441 1159 sibus
463 1095 534 1177 ipse
556 1092 648 1158 iuvat
669 1110 777 1157 morsu
798 1090 968 1157 fraudatus
990 1091 1082 1169 aeeti,

301 1207 371 1271 Nee
392 1211 486 1288 grata
508 1211 558 1269 est
579 1203 689 1281 facies,
714 1192 955 1286 anigelasinns
978 1201 1080 1267 abest.

260 1316 378 1382 Infanti
402 1315 565 1380 melimela
587 1313 662 1379 dato
686 1314 859 1396 fatuasque
881 1313 1049 1378 mariseas:

301 1429 384 1492 Nam
406 1426 493 1504 mihi,
518 1445 603 1508 quae
625 1427 714 1490 novit
736 1444 891 1509 pungere,
916 1423 999 1490 ehia
1020 1424 1117 1507 sapit.

674 1638 794 1704 XXVI.

260 1760 479 1845 Apollinarem
502 1757 634 1823 eonveni
657 1779 774 1835 meum,
800 1757 934 1838 Ssanen,

260 1872 301 1936 Et
324 1872 350 1935 si
375 1870 512 1948 vacabit,
542 1878 592 1952 (ne
615 1870 769 1934 molestus
792 1869 939 1952 aaeedas)

260 1984 329 2048 Hoc
351 1984 584 2064 qualecunque,
609 1982 699 2045 euius
722 1981 833 2063 aliqua
854 2001 929 2065 pars
952 1981 1022 2064 lpse
1048 1986 1105 2057 est,

141 2088 144 2093 ’
259 2093 374 2159 Dabis:
399 2093 462 2179 hae
483 2092 609 2157 facetae
632 2111 761 2157 sarman
784 2092 928 2157 imbuant
951 2111 1054 2157 aures.

219 2214 235 2268 5
260 2206 294 2270 Si
316 2213 349 2270 te
371 2211 534 2288 receptum
557 2203 661 2267 fronte
683 2202 803 2268 videris
827 2210 902 2279 tota,

259 2317 342 2381 Noto
366 2314 495 2398 rogabis
517 2322 553 2378 ut
575 2314 685 2378 favere
708 2321 875 2380 sustentet.

261 2427 387 2505 Quanto
410 2445 564 2506 mearum,
589 2426 662 2505 seis,
688 2445 796 2490 amore
818 2444 976 2508 nugarum

279 2647 373 2702 XXVI
392 2651 416 2701 1.
446 2646 499 2702 has
523 2647 643 2700 Gillet‘
655 2665 685 2715 p.
705 2653 753 2699 211
792 2647 863 2701 haee
881 2646 1025 2714 aEXAF
1057 2596 1172 2712 hlaogeQ
1215 2654 1271 2710 hoe
1291 2679 1313 2710 a

179 2736 247 2789 Sclm
282 2733 393 2789 facetae
416 2736 524 2786 Gronov
544 2733 613 2785 Sela
647 2731 771 2787 faeeturn
796 2733 869 2785 codd.
885 2733 935 2785 Ser
952 2735 1017 2803 (syl.
1044 2732 1148 2788 estsere
1169 2756 1196 2791 a.
1216 2758 1242 2793 a.
1266 2743 1313 2806 Ο.)

277 2937 356 2993 XXV
381 2940 407 2988 3.
445 2936 547 2992 Catuli.
574 2937 615 3002 86,
639 2940 655 2988 4
679 2937 752 2991 mica
775 2937 843 2993 salis
869 2937 949 2999 (Plin.
973 2937 1046 3006 Epp.
1068 2939 1175 3005 11121,
1199 2946 1226 3009 1;
1249 2946 1311 3016 vgl.

173 3027 370 3162 mem'xxw
389 3111 414 3161 3.
446 3107 549 3163 eamn.
572 3111 595 3170 1,
616 3109 631 3159 8
650 3108 788 3177 quidquid
806 3108 860 3162 hoe
879 3107 976 3172 libelli,
995 3108 1207 3182 Qualesunqua.

243 3285 266 3333 I.
296 3298 435 3350 nayasssm.
465 3278 505 3333 Zu
523 3279 537 3332 I
557 3281 614 3341 113,
636 3280 661 3330 6,

241 3365 329 3420 XXV.
348 3367 372 3417 2.
403 3369 543 3418 cerussata.
574 3363 614 3418 Zu
633 3364 646 3416 Ι
665 3366 705 3427 12,
724 3366 749 3415 6.

242 3454 265 3503 3.
291 3449 361 3503 mica
378 3449 441 3502 salia
458 3468 506 3503 nes
523 3449 612 3502 asnars'
621 3448 709 3520 sellia.
746 3448 898 3504 Vielleieht
922 3449 1025 3505 daehte
1043 3449 1151 3506 Plinius
1170 3451 1245 3522 Epp.
1266 3456 1312 3511 111

174 3539 242 3600 21,1
264 3551 300 3590 an
318 3535 396 3590 disse
415 3534 510 3599 Stella,
529 3550 559 3589 er
577 3542 640 3603 sagt
658 3535 722 3590 dort
740 3551 796 3590 von
814 3535 935 3590 lIartIal:
961 3536 1009 3604 qui
1027 3535 1176 3605 plurimum
1188 3538 1219 3593 in
1238 3543 1314 3597 seri·

172 3622 267 3678 hendo
285 3627 314 3675 et
331 3620 400 3674 salis
419 3620 535 3676 haberet
553 3628 581 3675 et
598 3619 674 3675 seille
691 3636 745 3676 nea
763 3621 895 3676 candoris
913 3620 1012 3676 minus.

241 3711 264 3759 I.
291 3706 427 3760 nwls’msla.
458 3706 498 3760 ΖΠ
516 3707 530 3760 I
548 3709 589 3771 43,
608 3710 632 3759 4.

240 3793 368 3847 marram
386 3822 420 3830 -
447 3794 470 3845 8.
493 3792 568 3846 cesa.
598 3791 653 3846 XII
670 3795 740 3858 96,9
763 3790 861 3848 Chiam
879 3792 953 3857 volo,
974 3793 1040 3848 nolo
1059 3793 1214 3848 mariseam.
1244 3796 1313 3867 Vgl.

172 3879 230 3934 VII
249 3882 291 3944 31,
309 3881 324 3931 2
343 3878 401 3933 und
420 3877 556 3943 xillae,
581 3894 624 3933 wo
647 3892 678 3933 ss
696 3894 754 3933 von
772 3878 822 3933 der
840 3877 911 3933 Chia
929 3878 1029 3934 heisst:
1055 3878 1121 3947 Ipsa
1137 3895 1244 3935 mamm
1264 3898 1314 3938 se·

173 3982 236 4020 enm
254 3970 352 4034 portat
369 3971 398 4019 et
416 3964 480 4034 ipsa
498 3964 593 4019 salem.

240 4053 263 4102 8.
294 4050 367 4104 novit
380 4069 508 4121 punqers.
538 4049 579 4104 Zu
596 4050 624 4103 II
643 4053 685 4108 52,
707 4054 729 4103 I.

240 4135 334 4192 XXVI
355 4138 377 4191 l.
409 4136 602 4206 Apollinarem.
633 4135 791 4198 salves,
811 4141 833 4185 :t

241 4226 263 4274 5.
288 4226 385 4292 fronte
404 4252 437 4260 —
455 4227 518 4276 tota.
554 4221 609 4276 Mis
633 4221 708 4276 elner
726 4219 814 4285 ssim,
839 4221 885 4276 die
909 4221 938 4274 in
956 4220 1053 4276 keiner
1071 4219 1151 4275 Falla
1173 4219 1236 4276 eine
1255 4222 1315 4279 Zu-

171 4308 369 4377 rllckweisung
386 4308 507 4362 verriitlr.
