2978 4988
630 352 664 407 n.
683 351 788 407 Valerii
806 352 943 409 Martialis

735 525 837 589 LXX.

307 636 458 702 Moechus
482 656 517 702 es
539 636 700 711 Aufidiae,
726 637 861 719 quivit,
887 635 1057 719 Scaeuino,
1082 638 1187 717 fuisti3
1253 687 1276 723 α

351 748 475 814 Rivalis
498 748 604 814 fuerat
626 749 680 831 qui
704 755 789 829 tuua
815 748 872 812 ille
894 749 944 813 uir
967 756 1025 814 est.

307 858 372 924 Cur
393 859 502 925 aliena
523 861 632 943 plaeet
652 859 720 938 tibi,
745 879 829 942 quae
852 866 994 925 tuanen
1016 860 1133 944 placet,
1157 866 1259 928 uxori

350 971 514 1053 Numquid
536 990 668 1037 securus
690 989 753 1034 non
775 977 868 1054 petes
890 972 1052 1054 arrigere?

728 1150 843 1214 LXXI.

306 1279 450 1344 Mentula
472 1298 543 1343 eum
566 1277 676 1343 doleat
697 1298 806 1361 puero,
822 1250 898 1359 eibi,
923 1280 1076 1360 Naevole,
1101 1281 1203 1361 euius,

349 1391 421 1455 Non
444 1410 513 1455 sum
536 1388 677 1467 divinus,
703 1389 760 1455 sed
784 1390 849 1455 aeia
872 1389 950 1472 quid
973 1390 1084 1457 facias.

1256 1340 1281 1385 ζ,

717 1562 852 1626 LXXII.

305 1692 362 1756 Vis
385 1690 475 1769 futui,
500 1710 559 1756 nee
581 1691 631 1755 uis
653 1709 786 1769 meeum,
812 1689 954 1768 Saufeia,
979 1691 1093 1756 lauari.

348 1803 465 1867 Neaeio
488 1800 573 1885 quod
595 1821 747 1885 magnum
771 1802 915 1884 suspicer
938 1821 1010 1866 esse
1033 1803 1133 1869 nefas.

305 1913 371 1978 Aut
392 1913 450 1978 tibi
474 1931 638 1996 pannosae
660 1911 845 1996 dependent
867 1920 996 1996 peetore
1019 1934 1185 1996 mammae,

348 2025 413 2089 Aut
435 2025 540 2090 auleas
563 2025 645 2089 uteri
668 2023 804 2107 prodere
826 2023 914 2089 nuda
937 2026 1044 2105 times,

265 2144 281 2197 5
305 2135 371 2200 Aut
391 2135 515 2201 infinito
538 2135 681 2200 lacerum
704 2142 794 2219 patet
815 2136 936 2218 inguen
958 2135 1062 2219 hiatu,

346 2247 412 2312 Aut
433 2246 559 2329 aliquid
581 2248 677 2312 cunni
700 2248 858 2330 prominet
880 2267 935 2312 ore
957 2249 1013 2312 tui.

305 2357 370 2425 Sed
392 2358 474 2423 nihil
497 2366 546 2423 est
567 2358 691 2439 horum,
716 2358 823 2439 eredo,
849 2359 1063 2443 puleherrima
1086 2360 1173 2426 nuda
1196 2380 1242 2426 es.

347 2469 382 2534 Si
405 2489 516 2536 verum
538 2476 596 2548 eut,
620 2471 732 2535 vitium
755 2470 848 2554 peius
871 2470 987 2536 habes:
1013 2470 1104 2536 fatua
1126 2490 1172 2539 es,

700 2649 852 2714 LXXIII.

304 2779 431 2844 Dormis
454 2798 524 2842 eum
547 2779 656 2861 pueris
679 2779 876 2856 mutuniatis,
1127 2859 1149 2872 ,Ἴ

303 2892 344 2955 Et
366 2911 428 2955 non
451 2897 516 2955 stat
538 2889 605 2968 tibi,
630 2888 768 2968 Phoebe,
794 2888 879 2971 quad
902 2898 966 2956 atat
989 2892 1063 2957 illis.
1129 2875 1133 2881 ¹

303 3001 388 3080 Quid
411 3003 461 3065 vis
483 3020 542 3080 me,
567 3019 653 3084 rogo,
678 3000 818 3080 Phoebe,
842 3004 1020 3086 suspicarii

302 3114 432 3178 Mollem
455 3110 586 3177 eredere
608 3119 640 3177 te
663 3113 766 3177 virum
789 3112 947 3194 volebam,

262 3233 278 3287 5
303 3224 368 3290 Sed
391 3243 498 3289 rumor
519 3231 618 3306 negat
641 3243 712 3289 esee
735 3231 767 3289 te
790 3225 968 3290 cinaedum.

318 3411 395 3465 LXX
414 3415 436 3464 3.
468 3426 540 3481 quae
559 3417 681 3465 tuanen
700 3411 805 3479 placet,
831 3413 935 3467 Gilbert
948 3423 1005 3483 Μ
1041 3430 1113 3484 quae
1132 3421 1189 3480 tua,
1208 3432 1264 3471 non
1282 3418 1348 3486 pla-

217 3505 263 3554 cet
282 3500 423 3637 &dixu
444 3585 466 3635 2.
496 3598 627 3651 magnum
652 3584 725 3645 TPQ
761 3584 851 3654 majua
870 3585 1077 3640 EXABCFG.

216 3700 421 3709 ——--—

283 3771 370 3826 LXX.
392 3775 416 3824 3.
448 3771 536 3824 aliena
552 3801 586 3810 —
605 3776 660 3823 tua.
691 3769 743 3826 Ala
762 3772 880 3828 Fremde
898 3803 932 3813 -
950 3773 992 3828 ala
1012 3775 1057 3828 die
1075 3774 1174 3829 Deine.

283 3874 398 3929 LXXII.
430 3873 522 3929 Ueber
540 3873 821 3942 gemeinschaftliehe
834 3876 927 3931 Bider
945 3893 1001 3931 von
1013 3877 1147 3933 Minnern
1166 3879 1223 3933 und
1236 3879 1348 3935 Franen

215 3977 250 4016 au
269 3961 372 4025 11151,
393 3963 417 4015 3.

284 4048 308 4099 2.
337 4064 460 4117 ηιαρηιιηι
476 4076 511 4084 -
529 4049 616 4117 nesae·
647 4046 687 4100 Zu
706 4047 807 4112 11142,
828 4049 853 4098 4.

283 4137 307 4185 4.
339 4135 422 4186 auleoa
439 4132 517 4186 atteri.
548 4132 589 4186 Zn
607 4132 648 4185 lII
668 4135 708 4198 42,
729 4135 751 4187 1.

282 4235 410 4289 LXXIII.
431 4240 455 4289 4.
488 4237 606 4289 Mollem.
637 4235 703 4305 vgl.
723 4236 749 4289 II
769 4237 809 4300 54,
833 4237 854 4288 1.

283 4327 305 4376 5.
336 4340 435 4376 rumor.
464 4321 529 4391 vgl.
550 4321 591 4374 III
611 4325 652 4387 80,
671 4324 694 4373 2.
