2978 4988
208 367 272 429 452
618 363 654 418 Μ.
675 362 780 418 Valerii
798 361 935 418 Martialis

301 534 366 600 Sed
389 536 465 599 viva
487 541 643 618 generata
665 534 705 598 de
728 553 897 619 cupressu:

259 654 275 708 5
300 645 391 723 Quae
415 666 474 711 nec
496 647 628 711 saecula
650 648 771 711 centies
795 653 926 730 peracta

298 759 367 823 Nec
389 758 506 841 longae
530 758 648 822 cariem
671 758 761 822 timet
783 764 942 822 senectae.

298 869 390 935 Hanc
412 876 455 948 tu,
480 869 626 952 quisquis
649 886 693 947 es,
718 868 872 947 amalus,
897 869 1017 934 timete.

299 981 382 1044 Nam
405 982 432 1045 si
456 982 507 1044 vel
530 981 677 1044 minimos
700 999 797 1044 manu
820 980 930 1063 rapaci

299 1092 368 1157 Hoc
391 1092 432 1157 de
454 1093 587 1175 palmite
610 1091 744 1155 laeseris
767 1109 919 1170 racemos,

240 1210 276 1265 10
300 1203 469 1281 Nascetur,
491 1204 568 1267 licet
589 1202 649 1267 hoc
674 1202 754 1266 velis
777 1221 909 1285 negare,

299 1315 425 1379 Inserta
447 1314 506 1378 tibi
528 1312 608 1378 ficus
630 1332 651 1376 a
673 1330 835 1396 cupressu.

733 1502 768 1564 L.

300 1631 381 1694 Cum
404 1629 523 1695 celeret
546 1648 642 1713 puros
664 1648 789 1713 pauper
811 1630 982 1694 Telesinus
1005 1630 1133 1707 amicos,

343 1740 482 1806 Errabat
503 1740 614 1824 gelida
636 1739 784 1805 sordidus
807 1742 840 1804 in
863 1742 988 1823 togula:

299 1850 463 1917 Obscenos
486 1841 527 1916 ex
550 1871 612 1935 quc
636 1853 741 1936 coepit
763 1872 875 1916 curare
898 1852 1061 1932 cinaedos,

342 1964 529 2046 Argentum,
553 1984 691 2042 mensas,
716 1963 851 2046 praedia
874 1964 962 2028 solus
985 1964 1070 2028 emit.

259 2083 275 2136 5
300 2075 356 2139 Vis
379 2074 447 2139 fieri
471 2074 572 2151 dives,
596 2074 789 2159 Bithynice?
812 2076 957 2139 conscius
981 2082 1065 2139 este:

341 2186 397 2250 Nil
420 2187 479 2250 tibi
501 2187 554 2251 vel
576 2188 743 2251 minimum
765 2186 858 2250 basia
881 2206 962 2269 pura
985 2183 1116 2251 dabunt.

753 2393 805 2456 LI.

300 2520 396 2599 Quod
419 2521 600 2585 convivaris
624 2522 694 2585 sine
716 2540 767 2586 me
790 2529 855 2585 tam
879 2521 987 2603 saepe,
1011 2520 1165 2602 Luperce,

343 2632 466 2710 Inveni,
490 2650 622 2696 noceam
646 2652 710 2714 qua
731 2633 855 2698 ratione
877 2631 945 2695 tibi.

298 2743 438 2807 Irascor:
462 2743 538 2809 licet
561 2762 663 2825 usque
686 2762 781 2809 voces
803 2743 978 2825 mittasque
1000 2760 1158 2825 rogesque
1181 2779 1224 2791 —

343 2852 443 2931 »Quid
466 2853 603 2919 faciest«
632 2855 750 2936 inquis.
791 2853 877 2931 Quid
900 2853 1040 2930 faciami
1067 2853 1206 2918 veniam.

316 3076 338 3128 L
357 3079 380 3128 5.
411 3076 582 3146 Bithynice?
601 3076 673 3130 Frui
688 3076 792 3130 Gillerc
827 3076 986 3146 Bithynice,
1008 3077 1083 3128 Scin.

315 3162 353 3215 LI
371 3165 394 3213 3.
414 3164 518 3231 Interp.
537 3163 603 3215 nach
621 3163 730 3215 Mauro.
751 3161 835 3215 Scl-a:
854 3159 971 3217 Irascor.
993 3176 1140 3229 rogesque.

218 3286 423 3293 ῳ-

317 3350 408 3405 XLIX
427 3351 450 3403 8.
480 3350 621 3418 Priapes
640 3349 717 3405 Heus
736 3357 775 3422 tu,
794 3351 941 3405 non‘bcne
960 3351 1008 3419 qni
1027 3367 1146 3413 manum,
1164 3365 1300 3418 rapacem
1319 3384 1357 3392 -

216 3436 345 3491 contines
364 3436 399 3490 ab
418 3436 509 3490 horto.

283 3642 306 3692 6.
331 3638 402 3693 Plin.
421 3639 454 3694 N.
476 3640 502 3694 h.
521 3641 588 3695 XVI
608 3644 657 3693 212
683 3639 792 3697 cariem
816 3647 1042 3710 vetustatemque
1067 3657 1123 3696 ncn
1146 3641 1274 3697 sentiunt
1303 3661 1355 3699 cu-

214 3739 328 3793 pressus
353 3726 453 3779 cedrus
478 3726 603 3782 hebenus
626 3734 680 3781 etc.
701 3756 735 3764 -
752 3729 848 3780 rimam
872 3726 1055 3795 fissuramque
1076 3743 1133 3782 non
1150 3728 1228 3795 capit
1246 3740 1355 3797 sponte

213 3811 327 3876 cedrus,
351 3825 504 3879 cupressus
528 3817 581 3867 etc.
600 3826 727 3866 maxume
746 3819 887 3866 aeternam
905 3819 1008 3880 putant
1028 3812 1165 3868 hebenum
1185 3819 1214 3867 et
1232 3829 1356 3882 cupres-

214 3912 274 3950 sum
293 3902 347 3951 etc.
376 3897 412 3950 111.
434 3897 475 3950 VI
493 3899 562 3959 73st
582 3897 638 3952 Sed
656 3897 724 3951 mihi
743 3904 881 3966 perpetua
899 3914 1043 3967 nunquam
1060 3899 1194 3953 moritura
1213 3915 1356 3966 cupressu

212 3982 351 4037 Phidiaca
367 3983 459 4052 rigeat
476 3983 601 4038 mentula
619 3983 706 4053 digna
724 4000 817 4038 manu.
864 3983 925 4037 siva
944 3989 978 4049 (v.
1000 3988 1025 4048 l}
1046 3985 1136 4040 scvicl
1155 3983 1197 4038 als
1216 3984 1323 4039 vivaci.

284 4070 324 4122 11.
350 4074 432 4140 fleus.
464 4057 595 4123 Zn165.

283 4153 313 4206 L.
332 4156 357 4208 2.
389 4153 476 4224 pelida
493 4184 528 4192 —
546 4154 574 4207 ia
593 4157 690 4225 tepula.
723 4155 763 4210 Zu
782 4155 822 4209 111
841 4157 881 4219 38,
900 4159 925 4207 9.

284 4242 309 4291 5.
342 4239 459 4293 omacius
477 4244 538 4292 ecto.
573 4240 638 4294 Juv.
657 4243 681 4304 3,
700 4243 732 4292 411
756 4241 825 4306 Quis
842 4257 918 4295 nunc
937 4242 1064 4310 diligitur
1091 4241 1145 4296 nisi
1170 4241 1305 4296 conscius
1325 4254 1355 4300 et

214 4325 261 4379 cui
280 4323 392 4380 fervens
410 4323 533 4380 Aestuat
550 4326 671 4381 occultis
691 4325 799 4381 animus
818 4342 983 4398 semperque
1002 4328 1141 4383 tacendis.
