2978 4988
220 361 283 423 418
626 355 662 411 II.
680 356 786 413 Valerii
803 355 939 412 Martialis

307 529 411 607 Quam
432 530 528 612 longe
551 547 622 593 oras
644 527 740 607 istud,
765 528 821 593 ubi
844 532 914 594 esti
935 537 991 597 aut
1013 528 1099 594 unde
1120 529 1321 614 petendum?

348 639 514 723 Numquid
536 639 623 724 apud
645 639 782 705 Parthos
803 640 1036 723 Armeniosque
1057 643 1155 707 lateii

266 760 283 813 5
306 753 375 818 Iam
398 772 468 818 eras
490 751 577 818 istud
600 751 699 819 babet
719 752 839 817 Priami
862 754 914 817 vel
935 753 1082 818 Nestoris
1104 771 1215 818 anuos,

350 864 430 930 Cras
451 863 538 930 istud
561 864 681 946 quanti,
707 862 759 928 dio
779 863 867 944 mihi,
891 865 993 949 possit
1014 865 1100 928 eunii

308 975 387 1041 Cras
409 976 521 1041 vivesi
542 973 639 1039 hodie
662 976 726 1040 iam
749 976 868 1055 vivere,
892 976 1053 1055 Postume,
1077 994 1183 1041 serum
1206 982 1273 1042 est:

347 1087 408 1153 Ille
430 1087 523 1170 sapit,
547 1087 701 1169 quisquis,
725 1089 883 1166 Postume,
907 1087 989 1154 uixit
1010 1086 1089 1152 heri.

739 1249 825 1314 LIX.

307 1359 400 1439 Quod
422 1380 485 1426 nou
509 1367 685 1443 argentum,
710 1358 796 1443 quod
818 1378 882 1425 non
904 1360 963 1426 tibi
985 1361 1140 1427 mittimus
1162 1380 1288 1441 aurum,

350 1472 419 1536 Hoo
439 1470 576 1537 facimus
599 1490 706 1550 causa,
731 1471 833 1537 Stella
856 1470 983 1551 diserte,
1007 1479 1074 1537 tua.

308 1581 460 1666 Quisquis
482 1603 602 1667 magna
623 1581 722 1664 dedit,
746 1584 847 1649 voluit
868 1583 931 1649 sibi
953 1603 1072 1667 magna
1094 1584 1227 1662 remitti;

350 1695 518 1760 Fictilibus
539 1695 656 1761 nostris
679 1703 871 1760 exoneratus
893 1695 966 1759 eris.

750 1858 821 1922 LX.

307 1968 449 2034 Allatres
471 1970 547 2034 lieet
568 1989 671 2052 usque
692 1988 751 2034 nos
773 1977 929 2053 eiusque

306 2081 348 2145 Εῖ
368 2080 556 2164 gannitibus
578 2079 732 2164 improbis
754 2081 906 2160 lacessas,

307 2192 436 2258 Certum
458 2199 508 2258 θεῖ
528 2191 613 2257 hano
633 2191 693 2256 tibi
715 2211 894 2276 pernegare
917 2192 1046 2268 famam,

307 2303 390 2370 Olim
413 2323 509 2386 quam
531 2304 625 2388 petis,
649 2303 683 2368 iu
704 2303 784 2368 meis
806 2303 927 2368 libellis

266 2424 283 2478 5
306 2413 544 2499 Qualiseunque
566 2415 686 2498 legaris
709 2422 743 2480 ut
764 2434 823 2499 per
844 2415 964 2480 orbem.

306 2528 390 2592 Nam
411 2533 444 2592 te
466 2546 523 2591 eur
544 2526 663 2609 aliquis
685 2527 767 2591 soiat
787 2519 908 2592 fuisset

306 2640 439 2722 Ignotus
461 2656 586 2720 pereas,
609 2637 717 2716 miser,
740 2656 873 2703 neeesse
895 2644 953 2702 θεῖ.

306 2759 379 2824 Nou
406 2723 543 2823 deerunt
564 2764 673 2822 tamen
695 2756 757 2822 hae
778 2758 813 2821 in
835 2757 914 2822 urbe
936 2756 1046 2822 forsan

325 2962 415 3018 LVIII
438 2964 461 3014 3.
495 2962 580 3032 louge
605 2977 668 3018 oras
690 2962 780 3027 istud,
805 2962 854 3018 ubi
878 2967 941 3017 est?
975 2962 1061 3030 longe
1082 2960 1210 3022 PQEFo
1234 2960 1360 3014 Giloert⁸

217 3070 247 3122 p.
262 3056 312 3106 520
325 3053 353 3122 s.
388 3049 537 3117 longeest
558 3047 1023 3117 iiFris.Scholn1nte›p.nacb
1037 3047 1143 3101 Gilbert
1181 3062 1244 3101 oras
1261 3046 1357 3102 istud?

221 3137 270 3193 nbi
288 3141 349 3192 esti
368 3136 438 3188 Sela
482 3137 505 3186 7.
524 3148 616 3190 serum
634 3138 679 3189 est
697 3133 798 3195 QEFoe
811 3135 860 3186 Ser
894 3133 1005 3188 tardum
1023 3140 1067 3189 est
1085 3131 1196 3186 PFrs's.
1211 3132 1289 3184 Scin.

323 3220 373 3274 LX
392 3223 415 3271 5.
446 3220 541 3276 orbem
559 3218 609 3272 Eo
643 3219 740 3275 urbem
759 3218 844 3279 PQF.

222 3327 427 3338 ----

324 3382 423 3437 LVIII.
466 3381 597 3437 Viuoent
622 3380 731 3436 Bellon.
755 3378 803 3449 Sp.
827 3379 855 3435 (I.
881 3379 922 3434 VI
939 3381 971 3432 23
1009 3381 1033 3432 3.
1071 3379 1159 3445 Quam
1181 3377 1266 3448 longe
1291 3394 1357 3434 oras

221 3470 299 3526 istud
323 3467 372 3523 ubi
395 3473 449 3522 est:
476 3473 526 3521 aut
543 3473 597 3522 eto.
639 3470 663 3519 i.
690 3465 775 3521 hodie
789 3465 850 3535 jam
867 3466 948 3521 vives
965 3494 1000 3504 —
1017 3480 1109 3521 serum
1126 3470 1170 3519 est
1187 3493 1222 3503 -
1240 3464 1357 3520 evixit

220 3556 289 3611 heri.
316 3555 379 3610 Non
397 3559 448 3617 est,
468 3553 551 3608 erede
569 3551 644 3617 mihi,
664 3551 801 3620 sapientis
819 3551 921 3617 dicere,
940 3551 1032 3607 vivam
1053 3551 1131 3617 (115,
1152 3552 1203 3615 115.

289 3725 394 3781 LVIII.
425 3724 466 3779 Zu
484 3724 498 3778 I
517 3727 556 3779 15.
586 3725 649 3779 Den
666 3725 773 3779 Nomen
791 3723 942 3778 Postumus
960 3723 991 3777 iu
1008 3723 1085 3778 einer
1102 3721 1283 3790 Ermahnuug
1303 3721 1358 3777 das

220 3813 317 3869 Leben
339 3827 374 3865 uu
399 3810 561 3880 geuiessen',
587 3809 639 3865 ebe
661 3825 692 3864 θε
711 3825 745 3862 ru
764 3812 830 3878 spiit
846 3809 897 3874 ist,
919 3809 970 3863 hat
987 3808 1025 3863 ll.
1044 3808 1095 3862 mit
1117 3807 1294 3876 Eriunsrung
1319 3823 1358 3862 an

221 3900 273 3955 das
290 3897 462 3953 Horouisobe
480 3897 561 3951 Eheu
578 3893 697 3965 fugaces
714 3894 856 3959 Postumo,
874 3894 1008 3950 Postume
1027 3892 1057 3948 0.
1076 3894 1105 3948 II
1124 3895 1155 3947 14
1172 3892 1307 3963 gewihlt.

289 3987 313 4039 5,
344 3982 452 4037 Priami
468 3984 510 4036 vel
527 3980 659 4035 Nestoris.
691 3980 732 4035 Zu
750 3981 837 4045 1164,
856 3981 880 4033 3.

287 4069 355 4124 LIX
373 4072 396 4124 i.
422 4073 562 4140 mperatum
579 4096 614 4106 -
631 4084 734 4120 aarum.
778 4064 905 4123 Silborne
928 4065 987 4121 und
1005 4064 1128 4135 goldene
1146 4062 1275 4119 Gerbthe.
1314 4063 1359 4118 Zn

220 4156 261 4213 lv
279 4158 320 4222 88,
339 4160 363 4210 3.

288 4244 313 4295 2.
343 4242 435 4295 Stella.
464 4240 505 4294 Zu
523 4239 537 4293 l
556 4242 580 4306 7,
599 4241 622 4294 1.

289 4329 312 4382 3.
342 4327 407 4397 Vgl.
425 4325 452 4382 V
471 4327 511 4378 18.
